%YAML 1.1
%TAG !u! tag:unity3d.com,2011:
--- !u!29 &1
SceneSettings:
  m_ObjectHideFlags: 0
  m_PVSData: 
  m_PVSObjectsArray: []
  m_PVSPortalsArray: []
  m_OcclusionBakeSettings:
    smallestOccluder: 5
    smallestHole: 0.25
    backfaceThreshold: 100
--- !u!104 &2
RenderSettings:
  m_ObjectHideFlags: 0
  serializedVersion: 7
  m_Fog: 1
  m_FogColor: {r: 0.35575262, g: 0.5344022, b: 0.6911765, a: 1}
  m_FogMode: 1
  m_FogDensity: 0
  m_LinearFogStart: 1
  m_LinearFogEnd: 1200
  m_AmbientSkyColor: {r: 0.17809257, g: 0.310434, b: 0.44852942, a: 1}
  m_AmbientEquatorColor: {r: 0.17809257, g: 0.310434, b: 0.44852942, a: 1}
  m_AmbientGroundColor: {r: 0.17809257, g: 0.310434, b: 0.44852942, a: 1}
  m_AmbientIntensity: 1
  m_AmbientMode: 3
  m_SkyboxMaterial: {fileID: 2100000, guid: 40673ea16e93341259946275493773ff, type: 2}
  m_HaloStrength: 0.5
  m_FlareStrength: 1
  m_FlareFadeSpeed: 3
  m_HaloTexture: {fileID: 0}
  m_SpotCookie: {fileID: 10001, guid: 0000000000000000e000000000000000, type: 0}
  m_DefaultReflectionMode: 0
  m_DefaultReflectionResolution: 128
  m_ReflectionBounces: 1
  m_ReflectionIntensity: 1
  m_CustomReflection: {fileID: 0}
  m_Sun: {fileID: 0}
  m_IndirectSpecularColor: {r: 0, g: 0, b: 0, a: 1}
--- !u!157 &4
LightmapSettings:
  m_ObjectHideFlags: 0
  serializedVersion: 7
  m_GIWorkflowMode: 1
  m_GISettings:
    serializedVersion: 2
    m_BounceScale: 1
    m_IndirectOutputScale: 1
    m_AlbedoBoost: 1
    m_TemporalCoherenceThreshold: 1
    m_EnvironmentLightingMode: 0
    m_EnableBakedLightmaps: 1
    m_EnableRealtimeLightmaps: 0
  m_LightmapEditorSettings:
    serializedVersion: 4
    m_Resolution: 1
    m_BakeResolution: 50
    m_TextureWidth: 1024
    m_TextureHeight: 1024
    m_AO: 0
    m_AOMaxDistance: 1
    m_CompAOExponent: 0
    m_CompAOExponentDirect: 0
    m_Padding: 2
    m_LightmapParameters: {fileID: 0}
    m_LightmapsBakeMode: 1
    m_TextureCompression: 0
    m_DirectLightInLightProbes: 1
    m_FinalGather: 0
    m_FinalGatherFiltering: 1
    m_FinalGatherRayCount: 1024
    m_ReflectionCompression: 2
  m_LightingDataAsset: {fileID: 112000000, guid: 5650e6c60d85c45b487f55cd02c7b8c5,
    type: 2}
  m_RuntimeCPUUsage: 25
--- !u!196 &5
NavMeshSettings:
  serializedVersion: 2
  m_ObjectHideFlags: 0
  m_BuildSettings:
    serializedVersion: 2
    agentRadius: 0.5
    agentHeight: 2
    agentSlope: 45
    agentClimb: 0.4
    ledgeDropHeight: 0
    maxJumpAcrossDistance: 0
    accuratePlacement: 0
    minRegionArea: 2
    cellSize: 0.16666666
    manualCellSize: 0
  m_NavMeshData: {fileID: 0}
--- !u!1 &152859831
GameObject:
  m_ObjectHideFlags: 0
  m_PrefabParentObject: {fileID: 137552, guid: a4d020d60b18649af92bb2a05e00d513, type: 2}
  m_PrefabInternal: {fileID: 1379201911}
  serializedVersion: 4
  m_Component:
  - 224: {fileID: 152859832}
  - 222: {fileID: 152859834}
  - 114: {fileID: 152859833}
  m_Layer: 5
  m_Name: Text_SkyRes
  m_TagString: Untagged
  m_Icon: {fileID: 0}
  m_NavMeshLayer: 0
  m_StaticEditorFlags: 0
  m_IsActive: 1
--- !u!224 &152859832
RectTransform:
  m_ObjectHideFlags: 0
  m_PrefabParentObject: {fileID: 22483558, guid: a4d020d60b18649af92bb2a05e00d513,
    type: 2}
  m_PrefabInternal: {fileID: 1379201911}
  m_GameObject: {fileID: 152859831}
  m_LocalRotation: {x: 0, y: 0.00000041723246, z: 0, w: 1}
  m_LocalPosition: {x: 0, y: 0, z: -0.00018717097}
  m_LocalScale: {x: 1, y: 1, z: 1}
  m_LocalEulerAnglesHint: {x: 0, y: 0, z: 0}
  m_Children: []
  m_Father: {fileID: 711330148}
  m_RootOrder: 1
  m_AnchorMin: {x: 1, y: 0}
  m_AnchorMax: {x: 1, y: 0}
  m_AnchoredPosition: {x: -62.30005, y: -17.30011}
  m_SizeDelta: {x: 800, y: 83}
  m_Pivot: {x: 0.5, y: 0.5}
--- !u!114 &152859833
MonoBehaviour:
  m_ObjectHideFlags: 0
  m_PrefabParentObject: {fileID: 11486782, guid: a4d020d60b18649af92bb2a05e00d513,
    type: 2}
  m_PrefabInternal: {fileID: 1379201911}
  m_GameObject: {fileID: 152859831}
  m_Enabled: 1
  m_EditorHideFlags: 0
  m_Script: {fileID: 708705254, guid: f5f67c52d1564df4a8936ccd202a3bd8, type: 3}
  m_Name: 
  m_EditorClassIdentifier: 
  m_Material: {fileID: 0}
  m_Color: {r: 1, g: 1, b: 1, a: 0.63529414}
  m_RaycastTarget: 1
  m_OnCullStateChanged:
    m_PersistentCalls:
      m_Calls: []
    m_TypeName: UnityEngine.UI.MaskableGraphic+CullStateChangedEvent, UnityEngine.UI,
      Version=1.0.0.0, Culture=neutral, PublicKeyToken=null
  m_FontData:
    m_Font: {fileID: 10102, guid: 0000000000000000e000000000000000, type: 0}
    m_FontSize: 14
    m_FontStyle: 0
    m_BestFit: 0
    m_MinSize: 10
    m_MaxSize: 40
    m_Alignment: 0
    m_AlignByGeometry: 0
    m_RichText: 1
    m_HorizontalOverflow: 0
    m_VerticalOverflow: 0
    m_LineSpacing: 1
  m_Text: "Sky resolution can be increased on texture inspector panel.\x03"
--- !u!222 &152859834
CanvasRenderer:
  m_ObjectHideFlags: 0
  m_PrefabParentObject: {fileID: 22275520, guid: a4d020d60b18649af92bb2a05e00d513,
    type: 2}
  m_PrefabInternal: {fileID: 1379201911}
  m_GameObject: {fileID: 152859831}
--- !u!1 &209684023
GameObject:
  m_ObjectHideFlags: 0
  m_PrefabParentObject: {fileID: 124194, guid: a4d020d60b18649af92bb2a05e00d513, type: 2}
  m_PrefabInternal: {fileID: 1379201911}
  serializedVersion: 4
  m_Component:
  - 4: {fileID: 209684024}
  - 33: {fileID: 209684027}
  - 135: {fileID: 209684026}
  - 23: {fileID: 209684025}
  m_Layer: 0
  m_Name: MountainGlowObject
  m_TagString: Untagged
  m_Icon: {fileID: 0}
  m_NavMeshLayer: 0
  m_StaticEditorFlags: 0
  m_IsActive: 1
--- !u!4 &209684024
Transform:
  m_ObjectHideFlags: 0
  m_PrefabParentObject: {fileID: 424194, guid: a4d020d60b18649af92bb2a05e00d513, type: 2}
  m_PrefabInternal: {fileID: 1379201911}
  m_GameObject: {fileID: 209684023}
  m_LocalRotation: {x: 0, y: 0, z: 0, w: 1}
  m_LocalPosition: {x: 257.05, y: 256.72, z: 710.12}
  m_LocalScale: {x: 9.1256075, y: 9.125607, z: 9.125607}
  m_LocalEulerAnglesHint: {x: 0, y: 0, z: 0}
  m_Children:
  - {fileID: 373860493}
  - {fileID: 1720423948}
  m_Father: {fileID: 1418107499}
  m_RootOrder: 18
--- !u!23 &209684025
MeshRenderer:
  m_ObjectHideFlags: 0
  m_PrefabParentObject: {fileID: 2324192, guid: a4d020d60b18649af92bb2a05e00d513,
    type: 2}
  m_PrefabInternal: {fileID: 1379201911}
  m_GameObject: {fileID: 209684023}
  m_Enabled: 1
  m_CastShadows: 1
  m_ReceiveShadows: 1
  m_MotionVectors: 1
  m_LightProbeUsage: 0
  m_ReflectionProbeUsage: 1
  m_Materials:
  - {fileID: 2100000, guid: 413befd66bdd84d569871d0524b4685a, type: 2}
  m_SubsetIndices: 
  m_StaticBatchRoot: {fileID: 0}
  m_ProbeAnchor: {fileID: 0}
  m_LightProbeVolumeOverride: {fileID: 0}
  m_ScaleInLightmap: 1
  m_PreserveUVs: 0
  m_IgnoreNormalsForChartDetection: 0
  m_ImportantGI: 0
  m_SelectedWireframeHidden: 0
  m_MinimumChartSize: 4
  m_AutoUVMaxDistance: 0.5
  m_AutoUVMaxAngle: 89
  m_LightmapParameters: {fileID: 0}
  m_SortingLayerID: 0
  m_SortingOrder: 0
--- !u!135 &209684026
SphereCollider:
  m_ObjectHideFlags: 0
  m_PrefabParentObject: {fileID: 13524192, guid: a4d020d60b18649af92bb2a05e00d513,
    type: 2}
  m_PrefabInternal: {fileID: 1379201911}
  m_GameObject: {fileID: 209684023}
  m_Material: {fileID: 0}
  m_IsTrigger: 0
  m_Enabled: 1
  serializedVersion: 2
  m_Radius: 0.5
  m_Center: {x: 0, y: 0, z: 0}
--- !u!33 &209684027
MeshFilter:
  m_ObjectHideFlags: 0
  m_PrefabParentObject: {fileID: 3324192, guid: a4d020d60b18649af92bb2a05e00d513,
    type: 2}
  m_PrefabInternal: {fileID: 1379201911}
  m_GameObject: {fileID: 209684023}
  m_Mesh: {fileID: 10207, guid: 0000000000000000e000000000000000, type: 0}
--- !u!1 &215544555
GameObject:
  m_ObjectHideFlags: 0
  m_PrefabParentObject: {fileID: 129746, guid: a4d020d60b18649af92bb2a05e00d513, type: 2}
  m_PrefabInternal: {fileID: 1379201911}
  serializedVersion: 4
  m_Component:
  - 4: {fileID: 215544560}
  - 20: {fileID: 215544556}
  - 124: {fileID: 215544559}
  - 92: {fileID: 215544558}
  - 81: {fileID: 215544557}
  m_Layer: 0
  m_Name: Camera
  m_TagString: Untagged
  m_Icon: {fileID: 0}
  m_NavMeshLayer: 0
  m_StaticEditorFlags: 0
  m_IsActive: 1
--- !u!20 &215544556
Camera:
  m_ObjectHideFlags: 0
  m_PrefabParentObject: {fileID: 2029746, guid: a4d020d60b18649af92bb2a05e00d513,
    type: 2}
  m_PrefabInternal: {fileID: 1379201911}
  m_GameObject: {fileID: 215544555}
  m_Enabled: 1
  serializedVersion: 2
  m_ClearFlags: 1
  m_BackGroundColor: {r: 0.19215687, g: 0.3019608, b: 0.4745098, a: 0.019607844}
  m_NormalizedViewPortRect:
    serializedVersion: 2
    x: 0
    y: 0
    width: 1
    height: 1
  near clip plane: 0.3
  far clip plane: 1000
  field of view: 80
  orthographic: 0
  orthographic size: 5
  m_Depth: 0
  m_CullingMask:
    serializedVersion: 2
    m_Bits: 4294967295
  m_RenderingPath: -1
  m_TargetTexture: {fileID: 0}
  m_TargetDisplay: 0
  m_TargetEye: 3
  m_HDR: 0
  m_OcclusionCulling: 1
  m_StereoConvergence: 10
  m_StereoSeparation: 0.022
  m_StereoMirrorMode: 0
--- !u!81 &215544557
AudioListener:
  m_ObjectHideFlags: 0
  m_PrefabParentObject: {fileID: 8129746, guid: a4d020d60b18649af92bb2a05e00d513,
    type: 2}
  m_PrefabInternal: {fileID: 1379201911}
  m_GameObject: {fileID: 215544555}
  m_Enabled: 1
--- !u!92 &215544558
Behaviour:
  m_ObjectHideFlags: 0
  m_PrefabParentObject: {fileID: 9229746, guid: a4d020d60b18649af92bb2a05e00d513,
    type: 2}
  m_PrefabInternal: {fileID: 1379201911}
  m_GameObject: {fileID: 215544555}
  m_Enabled: 1
--- !u!124 &215544559
Behaviour:
  m_ObjectHideFlags: 0
  m_PrefabParentObject: {fileID: 12429746, guid: a4d020d60b18649af92bb2a05e00d513,
    type: 2}
  m_PrefabInternal: {fileID: 1379201911}
  m_GameObject: {fileID: 215544555}
  m_Enabled: 1
--- !u!4 &215544560
Transform:
  m_ObjectHideFlags: 0
  m_PrefabParentObject: {fileID: 429746, guid: a4d020d60b18649af92bb2a05e00d513, type: 2}
  m_PrefabInternal: {fileID: 1379201911}
  m_GameObject: {fileID: 215544555}
  m_LocalRotation: {x: -0.05621624, y: -0.84303015, z: -0.11738302, w: 0.52188236}
  m_LocalPosition: {x: 193.3, y: 73.1, z: 130.7}
  m_LocalScale: {x: 1, y: 1, z: 1}
  m_LocalEulerAnglesHint: {x: 0, y: 0, z: 0}
  m_Children: []
  m_Father: {fileID: 1418107499}
  m_RootOrder: 2
--- !u!1 &373860492
GameObject:
  m_ObjectHideFlags: 0
  m_PrefabParentObject: {fileID: 124192, guid: a4d020d60b18649af92bb2a05e00d513, type: 2}
  m_PrefabInternal: {fileID: 1379201911}
  serializedVersion: 4
  m_Component:
  - 4: {fileID: 373860493}
  - 123: {fileID: 373860494}
  m_Layer: 0
  m_Name: MountainGlow
  m_TagString: Untagged
  m_Icon: {fileID: 0}
  m_NavMeshLayer: 0
  m_StaticEditorFlags: 0
  m_IsActive: 1
--- !u!4 &373860493
Transform:
  m_ObjectHideFlags: 0
  m_PrefabParentObject: {fileID: 424192, guid: a4d020d60b18649af92bb2a05e00d513, type: 2}
  m_PrefabInternal: {fileID: 1379201911}
  m_GameObject: {fileID: 373860492}
  m_LocalRotation: {x: 0, y: 0, z: 0, w: 1}
  m_LocalPosition: {x: 0, y: 0.61, z: 0}
  m_LocalScale: {x: 0.06934206, y: 0.06934206, z: 0.06934206}
  m_LocalEulerAnglesHint: {x: 0, y: 0, z: 0}
  m_Children: []
  m_Father: {fileID: 209684024}
  m_RootOrder: 0
--- !u!123 &373860494
LensFlare:
  m_ObjectHideFlags: 0
  m_PrefabParentObject: {fileID: 12324192, guid: a4d020d60b18649af92bb2a05e00d513,
    type: 2}
  m_PrefabInternal: {fileID: 1379201911}
  m_GameObject: {fileID: 373860492}
  m_Enabled: 1
  m_Flare: {fileID: 12100000, guid: 4bd4faf9a6beb484485deba5aeb62c81, type: 2}
  m_Color: {r: 0.8235294, g: 0.15334684, b: 0, a: 1}
  m_Brightness: 0.2
  m_FadeSpeed: 0.1
  m_IgnoreLayers:
    serializedVersion: 2
    m_Bits: 6
  m_Directional: 0
--- !u!1 &505510166
GameObject:
  m_ObjectHideFlags: 0
  m_PrefabParentObject: {fileID: 111520, guid: a4d020d60b18649af92bb2a05e00d513, type: 2}
  m_PrefabInternal: {fileID: 1379201911}
  serializedVersion: 4
  m_Component:
  - 4: {fileID: 505510167}
  - 108: {fileID: 505510168}
  m_Layer: 0
  m_Name: Point light
  m_TagString: Untagged
  m_Icon: {fileID: 0}
  m_NavMeshLayer: 0
  m_StaticEditorFlags: 0
  m_IsActive: 1
--- !u!4 &505510167
Transform:
  m_ObjectHideFlags: 0
  m_PrefabParentObject: {fileID: 411520, guid: a4d020d60b18649af92bb2a05e00d513, type: 2}
  m_PrefabInternal: {fileID: 1379201911}
  m_GameObject: {fileID: 505510166}
  m_LocalRotation: {x: 0, y: 0, z: 0, w: 1}
  m_LocalPosition: {x: -4.31, y: 20.03, z: -65.59}
  m_LocalScale: {x: 1, y: 1, z: 1}
  m_LocalEulerAnglesHint: {x: 0, y: 0, z: 0}
  m_Children: []
  m_Father: {fileID: 1418107499}
  m_RootOrder: 6
--- !u!108 &505510168
Light:
  m_ObjectHideFlags: 0
  m_PrefabParentObject: {fileID: 10811522, guid: a4d020d60b18649af92bb2a05e00d513,
    type: 2}
  m_PrefabInternal: {fileID: 1379201911}
  m_GameObject: {fileID: 505510166}
  m_Enabled: 1
  serializedVersion: 7
  m_Type: 2
  m_Color: {r: 1, g: 0.5939148, b: 0.33088237, a: 1}
  m_Intensity: 0.79774064
  m_Range: 69.46
  m_SpotAngle: 30
  m_CookieSize: 10
  m_Shadows:
    m_Type: 0
    m_Resolution: -1
    m_CustomResolution: -1
    m_Strength: 1
    m_Bias: 0.05
    m_NormalBias: 0.4
    m_NearPlane: 0.2
  m_Cookie: {fileID: 0}
  m_DrawHalo: 0
  m_Flare: {fileID: 0}
  m_RenderMode: 0
  m_CullingMask:
    serializedVersion: 2
    m_Bits: 4294967295
  m_Lightmapping: 1
  m_AreaSize: {x: 1, y: 1}
  m_BounceIntensity: 1
  m_ShadowRadius: 0
  m_ShadowAngle: 0
--- !u!1 &655273992
GameObject:
  m_ObjectHideFlags: 0
  m_PrefabParentObject: {fileID: 122300, guid: 6e58b6f7d760a4942b5d1887cdb4a815, type: 2}
  m_PrefabInternal: {fileID: 1402965765}
  serializedVersion: 4
  m_Component:
  - 4: {fileID: 655273994}
  - 123: {fileID: 655273993}
  m_Layer: 0
  m_Name: SunGlow
  m_TagString: Untagged
  m_Icon: {fileID: 0}
  m_NavMeshLayer: 0
  m_StaticEditorFlags: 0
  m_IsActive: 1
--- !u!123 &655273993
LensFlare:
  m_ObjectHideFlags: 0
  m_PrefabParentObject: {fileID: 12322300, guid: 6e58b6f7d760a4942b5d1887cdb4a815,
    type: 2}
  m_PrefabInternal: {fileID: 1402965765}
  m_GameObject: {fileID: 655273992}
  m_Enabled: 1
  m_Flare: {fileID: 12100000, guid: 436034cf81451448691149d6bc008327, type: 2}
  m_Color: {r: 0.33088237, g: 0.28213355, b: 0.24816178, a: 1}
  m_Brightness: 1
  m_FadeSpeed: 0.1
  m_IgnoreLayers:
    serializedVersion: 2
    m_Bits: 6
  m_Directional: 0
--- !u!4 &655273994
Transform:
  m_ObjectHideFlags: 0
  m_PrefabParentObject: {fileID: 422300, guid: 6e58b6f7d760a4942b5d1887cdb4a815, type: 2}
  m_PrefabInternal: {fileID: 1402965765}
  m_GameObject: {fileID: 655273992}
  m_LocalRotation: {x: 0, y: 0, z: 0, w: 1}
  m_LocalPosition: {x: 106, y: 10936, z: 14410}
  m_LocalScale: {x: 0.06934206, y: 0.06934206, z: 0.06934206}
  m_LocalEulerAnglesHint: {x: 0, y: 0, z: 0}
  m_Children: []
  m_Father: {fileID: 0}
  m_RootOrder: 2
--- !u!1 &711330147
GameObject:
  m_ObjectHideFlags: 0
  m_PrefabParentObject: {fileID: 118414, guid: a4d020d60b18649af92bb2a05e00d513, type: 2}
  m_PrefabInternal: {fileID: 1379201911}
  serializedVersion: 4
  m_Component:
  - 224: {fileID: 711330148}
  - 223: {fileID: 711330151}
  - 114: {fileID: 711330150}
  - 114: {fileID: 711330149}
  m_Layer: 5
  m_Name: Canvas
  m_TagString: Untagged
  m_Icon: {fileID: 0}
  m_NavMeshLayer: 0
  m_StaticEditorFlags: 0
  m_IsActive: 1
--- !u!224 &711330148
RectTransform:
  m_ObjectHideFlags: 0
  m_PrefabParentObject: {fileID: 22418414, guid: a4d020d60b18649af92bb2a05e00d513,
    type: 2}
  m_PrefabInternal: {fileID: 1379201911}
  m_GameObject: {fileID: 711330147}
  m_LocalRotation: {x: 0, y: 0, z: 0, w: 1}
  m_LocalPosition: {x: 0, y: 0, z: 0}
  m_LocalScale: {x: 0, y: 0, z: 0}
  m_LocalEulerAnglesHint: {x: 0, y: 0, z: 0}
  m_Children:
  - {fileID: 1039776088}
  - {fileID: 152859832}
  - {fileID: 1772746275}
  - {fileID: 997564341}
  - {fileID: 1270869471}
  m_Father: {fileID: 1418107499}
  m_RootOrder: 19
  m_AnchorMin: {x: 0, y: 0}
  m_AnchorMax: {x: 0, y: 0}
  m_AnchoredPosition: {x: 0, y: 0}
  m_SizeDelta: {x: 0, y: 0}
  m_Pivot: {x: 0, y: 0}
--- !u!114 &711330149
MonoBehaviour:
  m_ObjectHideFlags: 0
  m_PrefabParentObject: {fileID: 11418414, guid: a4d020d60b18649af92bb2a05e00d513,
    type: 2}
  m_PrefabInternal: {fileID: 1379201911}
  m_GameObject: {fileID: 711330147}
  m_Enabled: 1
  m_EditorHideFlags: 0
  m_Script: {fileID: 1301386320, guid: f5f67c52d1564df4a8936ccd202a3bd8, type: 3}
  m_Name: 
  m_EditorClassIdentifier: 
  m_IgnoreReversedGraphics: 1
  m_BlockingObjects: 0
  m_BlockingMask:
    serializedVersion: 2
    m_Bits: 4294967295
--- !u!114 &711330150
MonoBehaviour:
  m_ObjectHideFlags: 0
  m_PrefabParentObject: {fileID: 11418412, guid: a4d020d60b18649af92bb2a05e00d513,
    type: 2}
  m_PrefabInternal: {fileID: 1379201911}
  m_GameObject: {fileID: 711330147}
  m_Enabled: 1
  m_EditorHideFlags: 0
  m_Script: {fileID: 1980459831, guid: f5f67c52d1564df4a8936ccd202a3bd8, type: 3}
  m_Name: 
  m_EditorClassIdentifier: 
  m_UiScaleMode: 0
  m_ReferencePixelsPerUnit: 100
  m_ScaleFactor: 1
  m_ReferenceResolution: {x: 800, y: 600}
  m_ScreenMatchMode: 0
  m_MatchWidthOrHeight: 0.71
  m_PhysicalUnit: 3
  m_FallbackScreenDPI: 96
  m_DefaultSpriteDPI: 96
  m_DynamicPixelsPerUnit: 1
--- !u!223 &711330151
Canvas:
  m_ObjectHideFlags: 0
  m_PrefabParentObject: {fileID: 22318418, guid: a4d020d60b18649af92bb2a05e00d513,
    type: 2}
  m_PrefabInternal: {fileID: 1379201911}
  m_GameObject: {fileID: 711330147}
  m_Enabled: 1
  serializedVersion: 2
  m_RenderMode: 1
  m_Camera: {fileID: 215544556}
  m_PlaneDistance: 5
  m_PixelPerfect: 0
  m_ReceivesEvents: 1
  m_OverrideSorting: 0
  m_OverridePixelPerfect: 0
  m_SortingBucketNormalizedSize: 0
  m_SortingLayerID: 0
  m_SortingOrder: 0
  m_TargetDisplay: 0
--- !u!1 &761355204
GameObject:
  m_ObjectHideFlags: 0
  m_PrefabParentObject: {fileID: 188586, guid: a4d020d60b18649af92bb2a05e00d513, type: 2}
  m_PrefabInternal: {fileID: 1379201911}
  serializedVersion: 4
  m_Component:
  - 4: {fileID: 761355205}
  - 108: {fileID: 761355206}
  m_Layer: 0
  m_Name: Point light
  m_TagString: Untagged
  m_Icon: {fileID: 0}
  m_NavMeshLayer: 0
  m_StaticEditorFlags: 0
  m_IsActive: 1
--- !u!4 &761355205
Transform:
  m_ObjectHideFlags: 0
  m_PrefabParentObject: {fileID: 488586, guid: a4d020d60b18649af92bb2a05e00d513, type: 2}
  m_PrefabInternal: {fileID: 1379201911}
  m_GameObject: {fileID: 761355204}
  m_LocalRotation: {x: 0, y: 0, z: 0, w: 1}
  m_LocalPosition: {x: -4.31, y: 20.03, z: -65.59}
  m_LocalScale: {x: 1, y: 1, z: 1}
  m_LocalEulerAnglesHint: {x: 0, y: 0, z: 0}
  m_Children: []
  m_Father: {fileID: 1418107499}
  m_RootOrder: 12
--- !u!108 &761355206
Light:
  m_ObjectHideFlags: 0
  m_PrefabParentObject: {fileID: 10888586, guid: a4d020d60b18649af92bb2a05e00d513,
    type: 2}
  m_PrefabInternal: {fileID: 1379201911}
  m_GameObject: {fileID: 761355204}
  m_Enabled: 1
  serializedVersion: 7
  m_Type: 2
  m_Color: {r: 1, g: 0.5939148, b: 0.33088237, a: 1}
  m_Intensity: 0.79774064
  m_Range: 69.46
  m_SpotAngle: 30
  m_CookieSize: 10
  m_Shadows:
    m_Type: 0
    m_Resolution: -1
    m_CustomResolution: -1
    m_Strength: 1
    m_Bias: 0.05
    m_NormalBias: 0.4
    m_NearPlane: 0.2
  m_Cookie: {fileID: 0}
  m_DrawHalo: 0
  m_Flare: {fileID: 0}
  m_RenderMode: 0
  m_CullingMask:
    serializedVersion: 2
    m_Bits: 4294967295
  m_Lightmapping: 1
  m_AreaSize: {x: 1, y: 1}
  m_BounceIntensity: 1
  m_ShadowRadius: 0
  m_ShadowAngle: 0
--- !u!1 &782582840
GameObject:
  m_ObjectHideFlags: 0
  m_PrefabParentObject: {fileID: 165720, guid: a4d020d60b18649af92bb2a05e00d513, type: 2}
  m_PrefabInternal: {fileID: 1379201911}
  serializedVersion: 4
  m_Component:
  - 4: {fileID: 782582841}
  - 33: {fileID: 782582844}
  - 135: {fileID: 782582843}
  - 23: {fileID: 782582842}
  m_Layer: 0
  m_Name: MountainGlowObject
  m_TagString: Untagged
  m_Icon: {fileID: 0}
  m_NavMeshLayer: 0
  m_StaticEditorFlags: 0
  m_IsActive: 1
--- !u!4 &782582841
Transform:
  m_ObjectHideFlags: 0
  m_PrefabParentObject: {fileID: 465720, guid: a4d020d60b18649af92bb2a05e00d513, type: 2}
  m_PrefabInternal: {fileID: 1379201911}
  m_GameObject: {fileID: 782582840}
  m_LocalRotation: {x: 0, y: 0, z: 0, w: 1}
  m_LocalPosition: {x: -559.2, y: 278.1, z: 528.9}
  m_LocalScale: {x: 9.436284, y: 9.436287, z: 9.436287}
  m_LocalEulerAnglesHint: {x: 0, y: 0, z: 0}
  m_Children:
  - {fileID: 2105188308}
  - {fileID: 1199272698}
  m_Father: {fileID: 1418107499}
  m_RootOrder: 17
--- !u!23 &782582842
MeshRenderer:
  m_ObjectHideFlags: 0
  m_PrefabParentObject: {fileID: 2365722, guid: a4d020d60b18649af92bb2a05e00d513,
    type: 2}
  m_PrefabInternal: {fileID: 1379201911}
  m_GameObject: {fileID: 782582840}
  m_Enabled: 1
  m_CastShadows: 1
  m_ReceiveShadows: 1
  m_MotionVectors: 1
  m_LightProbeUsage: 0
  m_ReflectionProbeUsage: 1
  m_Materials:
  - {fileID: 2100000, guid: 413befd66bdd84d569871d0524b4685a, type: 2}
  m_SubsetIndices: 
  m_StaticBatchRoot: {fileID: 0}
  m_ProbeAnchor: {fileID: 0}
  m_LightProbeVolumeOverride: {fileID: 0}
  m_ScaleInLightmap: 1
  m_PreserveUVs: 0
  m_IgnoreNormalsForChartDetection: 0
  m_ImportantGI: 0
  m_SelectedWireframeHidden: 0
  m_MinimumChartSize: 4
  m_AutoUVMaxDistance: 0.5
  m_AutoUVMaxAngle: 89
  m_LightmapParameters: {fileID: 0}
  m_SortingLayerID: 0
  m_SortingOrder: 0
--- !u!135 &782582843
SphereCollider:
  m_ObjectHideFlags: 0
  m_PrefabParentObject: {fileID: 13565722, guid: a4d020d60b18649af92bb2a05e00d513,
    type: 2}
  m_PrefabInternal: {fileID: 1379201911}
  m_GameObject: {fileID: 782582840}
  m_Material: {fileID: 0}
  m_IsTrigger: 0
  m_Enabled: 1
  serializedVersion: 2
  m_Radius: 0.5
  m_Center: {x: 0, y: 0, z: 0}
--- !u!33 &782582844
MeshFilter:
  m_ObjectHideFlags: 0
  m_PrefabParentObject: {fileID: 3365722, guid: a4d020d60b18649af92bb2a05e00d513,
    type: 2}
  m_PrefabInternal: {fileID: 1379201911}
  m_GameObject: {fileID: 782582840}
  m_Mesh: {fileID: 10207, guid: 0000000000000000e000000000000000, type: 0}
--- !u!1 &854418297
GameObject:
  m_ObjectHideFlags: 0
  m_PrefabParentObject: {fileID: 111518, guid: a4d020d60b18649af92bb2a05e00d513, type: 2}
  m_PrefabInternal: {fileID: 1379201911}
  serializedVersion: 4
  m_Component:
  - 4: {fileID: 854418298}
  - 33: {fileID: 854418301}
  - 23: {fileID: 854418300}
  - 95: {fileID: 854418299}
  m_Layer: 0
  m_Name: AllSky_DemoEnvironment_Light
  m_TagString: Untagged
  m_Icon: {fileID: 0}
  m_NavMeshLayer: 0
  m_StaticEditorFlags: 0
  m_IsActive: 1
--- !u!4 &854418298
Transform:
  m_ObjectHideFlags: 0
  m_PrefabParentObject: {fileID: 411518, guid: a4d020d60b18649af92bb2a05e00d513, type: 2}
  m_PrefabInternal: {fileID: 1379201911}
  m_GameObject: {fileID: 854418297}
  m_LocalRotation: {x: -0.70356476, y: 0.07068698, z: 0.07068698, w: 0.70356476}
  m_LocalPosition: {x: -11.66, y: 18.94, z: -50.71}
  m_LocalScale: {x: 1, y: 1, z: 1}
  m_LocalEulerAnglesHint: {x: 0, y: 0, z: 0}
  m_Children: []
  m_Father: {fileID: 1418107499}
  m_RootOrder: 10
--- !u!95 &854418299
Animator:
  serializedVersion: 3
  m_ObjectHideFlags: 0
  m_PrefabParentObject: {fileID: 9511522, guid: a4d020d60b18649af92bb2a05e00d513,
    type: 2}
  m_PrefabInternal: {fileID: 1379201911}
  m_GameObject: {fileID: 854418297}
  m_Enabled: 1
  m_Avatar: {fileID: 9000000, guid: a86608a16093647c082aa3ccf69d2558, type: 3}
  m_Controller: {fileID: 0}
  m_CullingMode: 0
  m_UpdateMode: 0
  m_ApplyRootMotion: 1
  m_LinearVelocityBlending: 0
  m_WarningMessage: 
  m_HasTransformHierarchy: 1
  m_AllowConstantClipSamplingOptimization: 1
--- !u!23 &854418300
MeshRenderer:
  m_ObjectHideFlags: 0
  m_PrefabParentObject: {fileID: 2311522, guid: a4d020d60b18649af92bb2a05e00d513,
    type: 2}
  m_PrefabInternal: {fileID: 1379201911}
  m_GameObject: {fileID: 854418297}
  m_Enabled: 1
  m_CastShadows: 1
  m_ReceiveShadows: 1
  m_MotionVectors: 1
  m_LightProbeUsage: 0
  m_ReflectionProbeUsage: 1
  m_Materials:
  - {fileID: 2100000, guid: 05aa87d4636d34850a6f48daedd1b55c, type: 2}
  - {fileID: 2100000, guid: a7f9f8058b27648f4ba9ed54ced4ac00, type: 2}
  m_SubsetIndices: 
  m_StaticBatchRoot: {fileID: 0}
  m_ProbeAnchor: {fileID: 0}
  m_LightProbeVolumeOverride: {fileID: 0}
  m_ScaleInLightmap: 1
  m_PreserveUVs: 0
  m_IgnoreNormalsForChartDetection: 0
  m_ImportantGI: 0
  m_SelectedWireframeHidden: 0
  m_MinimumChartSize: 4
  m_AutoUVMaxDistance: 0.5
  m_AutoUVMaxAngle: 89
  m_LightmapParameters: {fileID: 0}
  m_SortingLayerID: 0
  m_SortingOrder: 0
--- !u!33 &854418301
MeshFilter:
  m_ObjectHideFlags: 0
  m_PrefabParentObject: {fileID: 3311522, guid: a4d020d60b18649af92bb2a05e00d513,
    type: 2}
  m_PrefabInternal: {fileID: 1379201911}
  m_GameObject: {fileID: 854418297}
  m_Mesh: {fileID: 4300000, guid: a86608a16093647c082aa3ccf69d2558, type: 3}
--- !u!1 &997564340
GameObject:
  m_ObjectHideFlags: 0
  m_PrefabParentObject: {fileID: 118418, guid: a4d020d60b18649af92bb2a05e00d513, type: 2}
  m_PrefabInternal: {fileID: 1379201911}
  serializedVersion: 4
  m_Component:
  - 224: {fileID: 997564341}
  - 222: {fileID: 997564343}
  - 114: {fileID: 997564342}
  m_Layer: 5
  m_Name: AllSkyLogo
  m_TagString: Untagged
  m_Icon: {fileID: 0}
  m_NavMeshLayer: 0
  m_StaticEditorFlags: 0
  m_IsActive: 1
--- !u!224 &997564341
RectTransform:
  m_ObjectHideFlags: 0
  m_PrefabParentObject: {fileID: 22418418, guid: a4d020d60b18649af92bb2a05e00d513,
    type: 2}
  m_PrefabInternal: {fileID: 1379201911}
  m_GameObject: {fileID: 997564340}
  m_LocalRotation: {x: 0, y: 0, z: 0, w: 1}
  m_LocalPosition: {x: 0, y: 0, z: 0}
  m_LocalScale: {x: 2, y: 1, z: 1}
  m_LocalEulerAnglesHint: {x: 0, y: 0, z: 0}
  m_Children: []
  m_Father: {fileID: 711330148}
  m_RootOrder: 3
  m_AnchorMin: {x: 0, y: 0}
  m_AnchorMax: {x: 0, y: 0}
  m_AnchoredPosition: {x: 99.4, y: 44.6}
  m_SizeDelta: {x: 100, y: 100}
  m_Pivot: {x: 0.5, y: 0.5}
--- !u!114 &997564342
MonoBehaviour:
  m_ObjectHideFlags: 0
  m_PrefabParentObject: {fileID: 11418418, guid: a4d020d60b18649af92bb2a05e00d513,
    type: 2}
  m_PrefabInternal: {fileID: 1379201911}
  m_GameObject: {fileID: 997564340}
  m_Enabled: 1
  m_EditorHideFlags: 0
  m_Script: {fileID: -765806418, guid: f5f67c52d1564df4a8936ccd202a3bd8, type: 3}
  m_Name: 
  m_EditorClassIdentifier: 
  m_Material: {fileID: 2100000, guid: aa556f6275fc744de969c712a17350e7, type: 2}
  m_Color: {r: 1, g: 1, b: 1, a: 1}
  m_RaycastTarget: 1
  m_OnCullStateChanged:
    m_PersistentCalls:
      m_Calls: []
    m_TypeName: UnityEngine.UI.MaskableGraphic+CullStateChangedEvent, UnityEngine.UI,
      Version=1.0.0.0, Culture=neutral, PublicKeyToken=null
  m_Sprite: {fileID: 21300000, guid: a5075efb0c5504a389b38cf795aabf4c, type: 3}
  m_Type: 0
  m_PreserveAspect: 0
  m_FillCenter: 1
  m_FillMethod: 4
  m_FillAmount: 1
  m_FillClockwise: 1
  m_FillOrigin: 0
--- !u!222 &997564343
CanvasRenderer:
  m_ObjectHideFlags: 0
  m_PrefabParentObject: {fileID: 22218418, guid: a4d020d60b18649af92bb2a05e00d513,
    type: 2}
  m_PrefabInternal: {fileID: 1379201911}
  m_GameObject: {fileID: 997564340}
--- !u!1 &1039776087
GameObject:
  m_ObjectHideFlags: 0
  m_PrefabParentObject: {fileID: 127676, guid: a4d020d60b18649af92bb2a05e00d513, type: 2}
  m_PrefabInternal: {fileID: 1379201911}
  serializedVersion: 4
  m_Component:
  - 224: {fileID: 1039776088}
  - 222: {fileID: 1039776090}
  - 114: {fileID: 1039776089}
  m_Layer: 5
  m_Name: Gradient
  m_TagString: Untagged
  m_Icon: {fileID: 0}
  m_NavMeshLayer: 0
  m_StaticEditorFlags: 0
  m_IsActive: 1
--- !u!224 &1039776088
RectTransform:
  m_ObjectHideFlags: 0
  m_PrefabParentObject: {fileID: 22427676, guid: a4d020d60b18649af92bb2a05e00d513,
    type: 2}
  m_PrefabInternal: {fileID: 1379201911}
  m_GameObject: {fileID: 1039776087}
  m_LocalRotation: {x: 0, y: 0, z: 0, w: 1}
  m_LocalPosition: {x: 0, y: 0, z: 0}
  m_LocalScale: {x: 1, y: 1, z: 1}
  m_LocalEulerAnglesHint: {x: 0, y: 0, z: 0}
  m_Children: []
  m_Father: {fileID: 711330148}
  m_RootOrder: 0
  m_AnchorMin: {x: 0, y: 0}
  m_AnchorMax: {x: 1, y: 0}
  m_AnchoredPosition: {x: 0, y: 45.1}
  m_SizeDelta: {x: 0, y: 100}
  m_Pivot: {x: 0.5, y: 0.5}
--- !u!114 &1039776089
MonoBehaviour:
  m_ObjectHideFlags: 0
  m_PrefabParentObject: {fileID: 11427676, guid: a4d020d60b18649af92bb2a05e00d513,
    type: 2}
  m_PrefabInternal: {fileID: 1379201911}
  m_GameObject: {fileID: 1039776087}
  m_Enabled: 1
  m_EditorHideFlags: 0
  m_Script: {fileID: -765806418, guid: f5f67c52d1564df4a8936ccd202a3bd8, type: 3}
  m_Name: 
  m_EditorClassIdentifier: 
  m_Material: {fileID: 0}
  m_Color: {r: 1, g: 1, b: 1, a: 1}
  m_RaycastTarget: 1
  m_OnCullStateChanged:
    m_PersistentCalls:
      m_Calls: []
    m_TypeName: UnityEngine.UI.MaskableGraphic+CullStateChangedEvent, UnityEngine.UI,
      Version=1.0.0.0, Culture=neutral, PublicKeyToken=null
  m_Sprite: {fileID: 21300000, guid: 5fcdc8d88900447cbacc2451e4e54427, type: 3}
  m_Type: 0
  m_PreserveAspect: 0
  m_FillCenter: 1
  m_FillMethod: 4
  m_FillAmount: 1
  m_FillClockwise: 1
  m_FillOrigin: 0
--- !u!222 &1039776090
CanvasRenderer:
  m_ObjectHideFlags: 0
  m_PrefabParentObject: {fileID: 22227676, guid: a4d020d60b18649af92bb2a05e00d513,
    type: 2}
  m_PrefabInternal: {fileID: 1379201911}
  m_GameObject: {fileID: 1039776087}
--- !u!1 &1114336373
GameObject:
  m_ObjectHideFlags: 0
  m_PrefabParentObject: {fileID: 143674, guid: a4d020d60b18649af92bb2a05e00d513, type: 2}
  m_PrefabInternal: {fileID: 1379201911}
  serializedVersion: 4
  m_Component:
  - 4: {fileID: 1114336374}
  - 123: {fileID: 1114336375}
  m_Layer: 0
  m_Name: MountainGlow
  m_TagString: Untagged
  m_Icon: {fileID: 0}
  m_NavMeshLayer: 0
  m_StaticEditorFlags: 0
  m_IsActive: 1
--- !u!4 &1114336374
Transform:
  m_ObjectHideFlags: 0
  m_PrefabParentObject: {fileID: 443674, guid: a4d020d60b18649af92bb2a05e00d513, type: 2}
  m_PrefabInternal: {fileID: 1379201911}
  m_GameObject: {fileID: 1114336373}
  m_LocalRotation: {x: 0, y: 0, z: 0, w: 1}
  m_LocalPosition: {x: 0, y: 0.61, z: 0}
  m_LocalScale: {x: 0.06934206, y: 0.06934206, z: 0.06934206}
  m_LocalEulerAnglesHint: {x: 0, y: 0, z: 0}
  m_Children: []
  m_Father: {fileID: 1808197613}
  m_RootOrder: 0
--- !u!123 &1114336375
LensFlare:
  m_ObjectHideFlags: 0
  m_PrefabParentObject: {fileID: 12343674, guid: a4d020d60b18649af92bb2a05e00d513,
    type: 2}
  m_PrefabInternal: {fileID: 1379201911}
  m_GameObject: {fileID: 1114336373}
  m_Enabled: 1
  m_Flare: {fileID: 12100000, guid: 4bd4faf9a6beb484485deba5aeb62c81, type: 2}
  m_Color: {r: 0.8235294, g: 0.15334684, b: 0, a: 1}
  m_Brightness: 0.2
  m_FadeSpeed: 0.1
  m_IgnoreLayers:
    serializedVersion: 2
    m_Bits: 6
  m_Directional: 0
--- !u!1 &1161635531
GameObject:
  m_ObjectHideFlags: 0
  m_PrefabParentObject: {fileID: 101874, guid: a4d020d60b18649af92bb2a05e00d513, type: 2}
  m_PrefabInternal: {fileID: 1379201911}
  serializedVersion: 4
  m_Component:
  - 4: {fileID: 1161635532}
  - 33: {fileID: 1161635535}
  - 23: {fileID: 1161635534}
  - 95: {fileID: 1161635533}
  m_Layer: 0
  m_Name: AllSky_DemoEnvironment_Light
  m_TagString: Untagged
  m_Icon: {fileID: 0}
  m_NavMeshLayer: 0
  m_StaticEditorFlags: 0
  m_IsActive: 1
--- !u!4 &1161635532
Transform:
  m_ObjectHideFlags: 0
  m_PrefabParentObject: {fileID: 401874, guid: a4d020d60b18649af92bb2a05e00d513, type: 2}
  m_PrefabInternal: {fileID: 1379201911}
  m_GameObject: {fileID: 1161635531}
  m_LocalRotation: {x: -4.32978e-17, y: 0.7071067, z: 0.7071068, w: -4.3297806e-17}
  m_LocalPosition: {x: 15.59, y: 17.94, z: 51.57}
  m_LocalScale: {x: 1, y: 1, z: 1}
  m_LocalEulerAnglesHint: {x: 0, y: 0, z: 0}
  m_Children: []
  m_Father: {fileID: 1418107499}
  m_RootOrder: 8
--- !u!95 &1161635533
Animator:
  serializedVersion: 3
  m_ObjectHideFlags: 0
  m_PrefabParentObject: {fileID: 9501874, guid: a4d020d60b18649af92bb2a05e00d513,
    type: 2}
  m_PrefabInternal: {fileID: 1379201911}
  m_GameObject: {fileID: 1161635531}
  m_Enabled: 1
  m_Avatar: {fileID: 9000000, guid: a86608a16093647c082aa3ccf69d2558, type: 3}
  m_Controller: {fileID: 0}
  m_CullingMode: 0
  m_UpdateMode: 0
  m_ApplyRootMotion: 1
  m_LinearVelocityBlending: 0
  m_WarningMessage: 
  m_HasTransformHierarchy: 1
  m_AllowConstantClipSamplingOptimization: 1
--- !u!23 &1161635534
MeshRenderer:
  m_ObjectHideFlags: 0
  m_PrefabParentObject: {fileID: 2301874, guid: a4d020d60b18649af92bb2a05e00d513,
    type: 2}
  m_PrefabInternal: {fileID: 1379201911}
  m_GameObject: {fileID: 1161635531}
  m_Enabled: 1
  m_CastShadows: 1
  m_ReceiveShadows: 1
  m_MotionVectors: 1
  m_LightProbeUsage: 0
  m_ReflectionProbeUsage: 1
  m_Materials:
  - {fileID: 2100000, guid: 05aa87d4636d34850a6f48daedd1b55c, type: 2}
  - {fileID: 2100000, guid: a7f9f8058b27648f4ba9ed54ced4ac00, type: 2}
  m_SubsetIndices: 
  m_StaticBatchRoot: {fileID: 0}
  m_ProbeAnchor: {fileID: 0}
  m_LightProbeVolumeOverride: {fileID: 0}
  m_ScaleInLightmap: 1
  m_PreserveUVs: 0
  m_IgnoreNormalsForChartDetection: 0
  m_ImportantGI: 0
  m_SelectedWireframeHidden: 0
  m_MinimumChartSize: 4
  m_AutoUVMaxDistance: 0.5
  m_AutoUVMaxAngle: 89
  m_LightmapParameters: {fileID: 0}
  m_SortingLayerID: 0
  m_SortingOrder: 0
--- !u!33 &1161635535
MeshFilter:
  m_ObjectHideFlags: 0
  m_PrefabParentObject: {fileID: 3301874, guid: a4d020d60b18649af92bb2a05e00d513,
    type: 2}
  m_PrefabInternal: {fileID: 1379201911}
  m_GameObject: {fileID: 1161635531}
  m_Mesh: {fileID: 4300000, guid: a86608a16093647c082aa3ccf69d2558, type: 3}
--- !u!1 &1192111141
GameObject:
  m_ObjectHideFlags: 0
  m_PrefabParentObject: {fileID: 111524, guid: a4d020d60b18649af92bb2a05e00d513, type: 2}
  m_PrefabInternal: {fileID: 1379201911}
  serializedVersion: 4
  m_Component:
  - 4: {fileID: 1192111142}
  - 108: {fileID: 1192111143}
  m_Layer: 0
  m_Name: Point light
  m_TagString: Untagged
  m_Icon: {fileID: 0}
  m_NavMeshLayer: 0
  m_StaticEditorFlags: 0
  m_IsActive: 1
--- !u!4 &1192111142
Transform:
  m_ObjectHideFlags: 0
  m_PrefabParentObject: {fileID: 411524, guid: a4d020d60b18649af92bb2a05e00d513, type: 2}
  m_PrefabInternal: {fileID: 1379201911}
  m_GameObject: {fileID: 1192111141}
  m_LocalRotation: {x: 0, y: 0, z: 0, w: 1}
  m_LocalPosition: {x: 72.14, y: 18.34, z: -12}
  m_LocalScale: {x: 1, y: 1, z: 1}
  m_LocalEulerAnglesHint: {x: 0, y: 0, z: 0}
  m_Children: []
  m_Father: {fileID: 1418107499}
  m_RootOrder: 7
--- !u!108 &1192111143
Light:
  m_ObjectHideFlags: 0
  m_PrefabParentObject: {fileID: 10811524, guid: a4d020d60b18649af92bb2a05e00d513,
    type: 2}
  m_PrefabInternal: {fileID: 1379201911}
  m_GameObject: {fileID: 1192111141}
  m_Enabled: 1
  serializedVersion: 7
  m_Type: 2
  m_Color: {r: 1, g: 0.5939148, b: 0.33088237, a: 1}
  m_Intensity: 0.79774064
  m_Range: 69.46
  m_SpotAngle: 30
  m_CookieSize: 10
  m_Shadows:
    m_Type: 0
    m_Resolution: -1
    m_CustomResolution: -1
    m_Strength: 1
    m_Bias: 0.05
    m_NormalBias: 0.4
    m_NearPlane: 0.2
  m_Cookie: {fileID: 0}
  m_DrawHalo: 0
  m_Flare: {fileID: 0}
  m_RenderMode: 0
  m_CullingMask:
    serializedVersion: 2
    m_Bits: 4294967295
  m_Lightmapping: 1
  m_AreaSize: {x: 1, y: 1}
  m_BounceIntensity: 1
  m_ShadowRadius: 0
  m_ShadowAngle: 0
--- !u!1 &1192864539
GameObject:
  m_ObjectHideFlags: 0
  m_PrefabParentObject: {fileID: 0}
  m_PrefabInternal: {fileID: 0}
  serializedVersion: 4
  m_Component:
  - 4: {fileID: 1192864541}
  - 108: {fileID: 1192864540}
  m_Layer: 0
  m_Name: Directional light
  m_TagString: Untagged
  m_Icon: {fileID: 0}
  m_NavMeshLayer: 0
  m_StaticEditorFlags: 0
  m_IsActive: 1
--- !u!108 &1192864540
Light:
  m_ObjectHideFlags: 0
  m_PrefabParentObject: {fileID: 0}
  m_PrefabInternal: {fileID: 0}
  m_GameObject: {fileID: 1192864539}
  m_Enabled: 1
  serializedVersion: 7
  m_Type: 1
  m_Color: {r: 1, g: 0.9675456, b: 0.9264706, a: 1}
  m_Intensity: 0.90633315
  m_Range: 10
  m_SpotAngle: 30
  m_CookieSize: 10
  m_Shadows:
    m_Type: 0
    m_Resolution: -1
    m_CustomResolution: -1
    m_Strength: 1
    m_Bias: 2
    m_NormalBias: 0
    m_NearPlane: 0.2
  m_Cookie: {fileID: 0}
  m_DrawHalo: 0
  m_Flare: {fileID: 0}
  m_RenderMode: 0
  m_CullingMask:
    serializedVersion: 2
    m_Bits: 4294967295
  m_Lightmapping: 1
  m_AreaSize: {x: 1, y: 1}
  m_BounceIntensity: 1
  m_ShadowRadius: 0
  m_ShadowAngle: 0
--- !u!4 &1192864541
Transform:
  m_ObjectHideFlags: 0
  m_PrefabParentObject: {fileID: 0}
  m_PrefabInternal: {fileID: 0}
  m_GameObject: {fileID: 1192864539}
  m_LocalRotation: {x: 0.9802344, y: 0.004779729, z: 0.012966818, w: 0.19735663}
  m_LocalPosition: {x: 0.532, y: 5.679, z: 4.574}
  m_LocalScale: {x: 1, y: 1, z: 1}
  m_LocalEulerAnglesHint: {x: 0, y: 0, z: 0}
  m_Children: []
  m_Father: {fileID: 0}
  m_RootOrder: 0
--- !u!1 &1199272697
GameObject:
  m_ObjectHideFlags: 0
  m_PrefabParentObject: {fileID: 181006, guid: a4d020d60b18649af92bb2a05e00d513, type: 2}
  m_PrefabInternal: {fileID: 1379201911}
  serializedVersion: 4
  m_Component:
  - 4: {fileID: 1199272698}
  - 108: {fileID: 1199272699}
  m_Layer: 0
  m_Name: Point light
  m_TagString: Untagged
  m_Icon: {fileID: 0}
  m_NavMeshLayer: 0
  m_StaticEditorFlags: 0
  m_IsActive: 1
--- !u!4 &1199272698
Transform:
  m_ObjectHideFlags: 0
  m_PrefabParentObject: {fileID: 481006, guid: a4d020d60b18649af92bb2a05e00d513, type: 2}
  m_PrefabInternal: {fileID: 1379201911}
  m_GameObject: {fileID: 1199272697}
  m_LocalRotation: {x: 0, y: 0, z: 0, w: 1}
  m_LocalPosition: {x: -0.11163661, y: 1.1386985, z: 0.038274024}
  m_LocalScale: {x: 0.15948157, y: 0.15948159, z: 0.15948159}
  m_LocalEulerAnglesHint: {x: 0, y: 0, z: 0}
  m_Children: []
  m_Father: {fileID: 782582841}
  m_RootOrder: 1
--- !u!108 &1199272699
Light:
  m_ObjectHideFlags: 0
  m_PrefabParentObject: {fileID: 10881006, guid: a4d020d60b18649af92bb2a05e00d513,
    type: 2}
  m_PrefabInternal: {fileID: 1379201911}
  m_GameObject: {fileID: 1199272697}
  m_Enabled: 1
  serializedVersion: 7
  m_Type: 2
  m_Color: {r: 0.9632353, g: 0.17936105, b: 0, a: 1}
  m_Intensity: 0.84
  m_Range: 288.7775
  m_SpotAngle: 30
  m_CookieSize: 10
  m_Shadows:
    m_Type: 0
    m_Resolution: -1
    m_CustomResolution: -1
    m_Strength: 1
    m_Bias: 0.05
    m_NormalBias: 0.4
    m_NearPlane: 0.2
  m_Cookie: {fileID: 0}
  m_DrawHalo: 0
  m_Flare: {fileID: 0}
  m_RenderMode: 0
  m_CullingMask:
    serializedVersion: 2
    m_Bits: 4294967295
  m_Lightmapping: 1
  m_AreaSize: {x: 1, y: 1}
  m_BounceIntensity: 1
  m_ShadowRadius: 0
  m_ShadowAngle: 0
--- !u!1 &1229343644
GameObject:
  m_ObjectHideFlags: 0
  m_PrefabParentObject: {fileID: 109850, guid: a4d020d60b18649af92bb2a05e00d513, type: 2}
  m_PrefabInternal: {fileID: 1379201911}
  serializedVersion: 4
  m_Component:
  - 4: {fileID: 1229343645}
  - 108: {fileID: 1229343646}
  m_Layer: 0
  m_Name: Point light
  m_TagString: Untagged
  m_Icon: {fileID: 0}
  m_NavMeshLayer: 0
  m_StaticEditorFlags: 0
  m_IsActive: 1
--- !u!4 &1229343645
Transform:
  m_ObjectHideFlags: 0
  m_PrefabParentObject: {fileID: 409850, guid: a4d020d60b18649af92bb2a05e00d513, type: 2}
  m_PrefabInternal: {fileID: 1379201911}
  m_GameObject: {fileID: 1229343644}
  m_LocalRotation: {x: 0, y: 0, z: 0, w: 1}
  m_LocalPosition: {x: 13.9, y: 18.2, z: 69.6}
  m_LocalScale: {x: 1, y: 1, z: 1}
  m_LocalEulerAnglesHint: {x: 0, y: 0, z: 0}
  m_Children: []
  m_Father: {fileID: 1418107499}
  m_RootOrder: 3
--- !u!108 &1229343646
Light:
  m_ObjectHideFlags: 0
  m_PrefabParentObject: {fileID: 10809850, guid: a4d020d60b18649af92bb2a05e00d513,
    type: 2}
  m_PrefabInternal: {fileID: 1379201911}
  m_GameObject: {fileID: 1229343644}
  m_Enabled: 1
  serializedVersion: 7
  m_Type: 2
  m_Color: {r: 1, g: 0.5939148, b: 0.33088237, a: 1}
  m_Intensity: 0.79774064
  m_Range: 69.46
  m_SpotAngle: 30
  m_CookieSize: 10
  m_Shadows:
    m_Type: 0
    m_Resolution: -1
    m_CustomResolution: -1
    m_Strength: 1
    m_Bias: 0.05
    m_NormalBias: 0.4
    m_NearPlane: 0.2
  m_Cookie: {fileID: 0}
  m_DrawHalo: 0
  m_Flare: {fileID: 0}
  m_RenderMode: 0
  m_CullingMask:
    serializedVersion: 2
    m_Bits: 4294967295
  m_Lightmapping: 1
  m_AreaSize: {x: 1, y: 1}
  m_BounceIntensity: 1
  m_ShadowRadius: 0
  m_ShadowAngle: 0
--- !u!1 &1270869470
GameObject:
  m_ObjectHideFlags: 0
  m_PrefabParentObject: {fileID: 159398, guid: a4d020d60b18649af92bb2a05e00d513, type: 2}
  m_PrefabInternal: {fileID: 1379201911}
  serializedVersion: 4
  m_Component:
  - 224: {fileID: 1270869471}
  - 222: {fileID: 1270869473}
  - 114: {fileID: 1270869472}
  m_Layer: 5
  m_Name: HowToUpResSkies
  m_TagString: Untagged
  m_Icon: {fileID: 0}
  m_NavMeshLayer: 0
  m_StaticEditorFlags: 0
  m_IsActive: 1
--- !u!224 &1270869471
RectTransform:
  m_ObjectHideFlags: 0
  m_PrefabParentObject: {fileID: 22459398, guid: a4d020d60b18649af92bb2a05e00d513,
    type: 2}
  m_PrefabInternal: {fileID: 1379201911}
  m_GameObject: {fileID: 1270869470}
  m_LocalRotation: {x: 0, y: 0, z: 0, w: 1}
  m_LocalPosition: {x: 0, y: 0, z: 0}
  m_LocalScale: {x: 8, y: 2, z: 1}
  m_LocalEulerAnglesHint: {x: 0, y: 0, z: 0}
  m_Children: []
  m_Father: {fileID: 711330148}
  m_RootOrder: 4
  m_AnchorMin: {x: 1, y: 0}
  m_AnchorMax: {x: 1, y: 0}
  m_AnchoredPosition: {x: -287.6, y: 81.2}
  m_SizeDelta: {x: 100, y: 100}
  m_Pivot: {x: 0.5, y: 0.5}
--- !u!114 &1270869472
MonoBehaviour:
  m_ObjectHideFlags: 0
  m_PrefabParentObject: {fileID: 11459398, guid: a4d020d60b18649af92bb2a05e00d513,
    type: 2}
  m_PrefabInternal: {fileID: 1379201911}
  m_GameObject: {fileID: 1270869470}
  m_Enabled: 1
  m_EditorHideFlags: 0
  m_Script: {fileID: -765806418, guid: f5f67c52d1564df4a8936ccd202a3bd8, type: 3}
  m_Name: 
  m_EditorClassIdentifier: 
  m_Material: {fileID: 0}
  m_Color: {r: 1, g: 1, b: 1, a: 1}
  m_RaycastTarget: 1
  m_OnCullStateChanged:
    m_PersistentCalls:
      m_Calls: []
    m_TypeName: UnityEngine.UI.MaskableGraphic+CullStateChangedEvent, UnityEngine.UI,
      Version=1.0.0.0, Culture=neutral, PublicKeyToken=null
  m_Sprite: {fileID: 21300000, guid: 5f86fefc3a6bd4b1998b38ab48808f10, type: 3}
  m_Type: 0
  m_PreserveAspect: 0
  m_FillCenter: 1
  m_FillMethod: 4
  m_FillAmount: 1
  m_FillClockwise: 1
  m_FillOrigin: 0
--- !u!222 &1270869473
CanvasRenderer:
  m_ObjectHideFlags: 0
  m_PrefabParentObject: {fileID: 22259398, guid: a4d020d60b18649af92bb2a05e00d513,
    type: 2}
  m_PrefabInternal: {fileID: 1379201911}
  m_GameObject: {fileID: 1270869470}
--- !u!1 &1301804368
GameObject:
  m_ObjectHideFlags: 0
  m_PrefabParentObject: {fileID: 172400, guid: a4d020d60b18649af92bb2a05e00d513, type: 2}
  m_PrefabInternal: {fileID: 1379201911}
  serializedVersion: 4
  m_Component:
  - 4: {fileID: 1301804369}
  - 33: {fileID: 1301804372}
  - 23: {fileID: 1301804371}
  - 64: {fileID: 1301804370}
  m_Layer: 0
  m_Name: AllSky_DemoEnvironment_Center
  m_TagString: Untagged
  m_Icon: {fileID: 0}
  m_NavMeshLayer: 0
  m_StaticEditorFlags: 0
  m_IsActive: 1
--- !u!4 &1301804369
Transform:
  m_ObjectHideFlags: 0
  m_PrefabParentObject: {fileID: 472400, guid: a4d020d60b18649af92bb2a05e00d513, type: 2}
  m_PrefabInternal: {fileID: 1379201911}
  m_GameObject: {fileID: 1301804368}
  m_LocalRotation: {x: 0, y: 0.7071068, z: 0.7071068, w: 0}
  m_LocalPosition: {x: 0, y: 0, z: 0}
  m_LocalScale: {x: 1, y: 1, z: 1}
  m_LocalEulerAnglesHint: {x: 0, y: 0, z: 0}
  m_Children: []
  m_Father: {fileID: 1418107499}
  m_RootOrder: 0
--- !u!64 &1301804370
MeshCollider:
  m_ObjectHideFlags: 0
  m_PrefabParentObject: {fileID: 6401868, guid: a4d020d60b18649af92bb2a05e00d513,
    type: 2}
  m_PrefabInternal: {fileID: 1379201911}
  m_GameObject: {fileID: 1301804368}
  m_Material: {fileID: 0}
  m_IsTrigger: 0
  m_Enabled: 1
  serializedVersion: 2
  m_Convex: 0
  m_Mesh: {fileID: 4300000, guid: 6f81d87fbcb2648b0835af8c7c1cd3fb, type: 3}
--- !u!23 &1301804371
MeshRenderer:
  m_ObjectHideFlags: 0
  m_PrefabParentObject: {fileID: 2372400, guid: a4d020d60b18649af92bb2a05e00d513,
    type: 2}
  m_PrefabInternal: {fileID: 1379201911}
  m_GameObject: {fileID: 1301804368}
  m_Enabled: 1
  m_CastShadows: 1
  m_ReceiveShadows: 1
  m_MotionVectors: 1
  m_LightProbeUsage: 0
  m_ReflectionProbeUsage: 1
  m_Materials:
  - {fileID: 2100000, guid: 179503e6ea7a5414da971761ed8ad6a1, type: 2}
  - {fileID: 2100000, guid: 2e6761ef29bab414093fbcc3d8b98559, type: 2}
  - {fileID: 2100000, guid: 13177a7929fc94508aeae20a9a650440, type: 2}
  - {fileID: 2100000, guid: eba7c646abc914766b797ce6e6b6aef8, type: 2}
  - {fileID: 2100000, guid: e647ded4fdda54d5c82ce352c1b0be01, type: 2}
  - {fileID: 2100000, guid: fbc2e1c016c544198be90cefecf38f0f, type: 2}
  - {fileID: 2100000, guid: 174e7977166824bf49a2c2f4b54fd066, type: 2}
  - {fileID: 2100000, guid: 6e219c5ff336949179da2590886e94eb, type: 2}
  - {fileID: 2100000, guid: 3386ea1f916284d438a5d95882e39fd6, type: 2}
  - {fileID: 2100000, guid: 5f35d0bb3bb3e45048ec76b0a3157c01, type: 2}
  m_SubsetIndices: 
  m_StaticBatchRoot: {fileID: 0}
  m_ProbeAnchor: {fileID: 0}
  m_LightProbeVolumeOverride: {fileID: 0}
  m_ScaleInLightmap: 1
  m_PreserveUVs: 0
  m_IgnoreNormalsForChartDetection: 0
  m_ImportantGI: 0
  m_SelectedWireframeHidden: 0
  m_MinimumChartSize: 4
  m_AutoUVMaxDistance: 0.5
  m_AutoUVMaxAngle: 89
  m_LightmapParameters: {fileID: 0}
  m_SortingLayerID: 0
  m_SortingOrder: 0
--- !u!33 &1301804372
MeshFilter:
  m_ObjectHideFlags: 0
  m_PrefabParentObject: {fileID: 3372400, guid: a4d020d60b18649af92bb2a05e00d513,
    type: 2}
  m_PrefabInternal: {fileID: 1379201911}
  m_GameObject: {fileID: 1301804368}
  m_Mesh: {fileID: 4300000, guid: 6f81d87fbcb2648b0835af8c7c1cd3fb, type: 3}
--- !u!1001 &1379201911
Prefab:
  m_ObjectHideFlags: 0
  serializedVersion: 2
  m_Modification:
    m_TransformParent: {fileID: 0}
    m_Modifications:
    - target: {fileID: 459908, guid: a4d020d60b18649af92bb2a05e00d513, type: 2}
      propertyPath: m_LocalPosition.x
      value: -0
      objectReference: {fileID: 0}
    - target: {fileID: 459908, guid: a4d020d60b18649af92bb2a05e00d513, type: 2}
      propertyPath: m_LocalPosition.y
      value: 0
      objectReference: {fileID: 0}
    - target: {fileID: 459908, guid: a4d020d60b18649af92bb2a05e00d513, type: 2}
      propertyPath: m_LocalPosition.z
      value: 0
      objectReference: {fileID: 0}
    - target: {fileID: 459908, guid: a4d020d60b18649af92bb2a05e00d513, type: 2}
      propertyPath: m_LocalRotation.x
      value: 0
      objectReference: {fileID: 0}
    - target: {fileID: 459908, guid: a4d020d60b18649af92bb2a05e00d513, type: 2}
      propertyPath: m_LocalRotation.y
      value: 0
      objectReference: {fileID: 0}
    - target: {fileID: 459908, guid: a4d020d60b18649af92bb2a05e00d513, type: 2}
      propertyPath: m_LocalRotation.z
      value: 0
      objectReference: {fileID: 0}
    - target: {fileID: 459908, guid: a4d020d60b18649af92bb2a05e00d513, type: 2}
      propertyPath: m_LocalRotation.w
      value: 1
      objectReference: {fileID: 0}
    - target: {fileID: 459908, guid: a4d020d60b18649af92bb2a05e00d513, type: 2}
      propertyPath: m_RootOrder
      value: 1
      objectReference: {fileID: 0}
    - target: {fileID: 459910, guid: a4d020d60b18649af92bb2a05e00d513, type: 2}
      propertyPath: m_LocalScale.x
      value: 3.14383769
      objectReference: {fileID: 0}
    - target: {fileID: 459910, guid: a4d020d60b18649af92bb2a05e00d513, type: 2}
      propertyPath: m_LocalScale.y
      value: 5.4485898
      objectReference: {fileID: 0}
    - target: {fileID: 459910, guid: a4d020d60b18649af92bb2a05e00d513, type: 2}
      propertyPath: m_LocalScale.z
      value: 2.72470284
      objectReference: {fileID: 0}
    - target: {fileID: 459910, guid: a4d020d60b18649af92bb2a05e00d513, type: 2}
      propertyPath: m_LocalPosition.x
      value: .310000002
      objectReference: {fileID: 0}
    - target: {fileID: 459910, guid: a4d020d60b18649af92bb2a05e00d513, type: 2}
      propertyPath: m_LocalPosition.y
      value: 1.07000005
      objectReference: {fileID: 0}
    - target: {fileID: 459910, guid: a4d020d60b18649af92bb2a05e00d513, type: 2}
      propertyPath: m_LocalPosition.z
      value: 5.44000006
      objectReference: {fileID: 0}
    m_RemovedComponents: []
  m_ParentPrefab: {fileID: 100100000, guid: a4d020d60b18649af92bb2a05e00d513, type: 2}
  m_RootGameObject: {fileID: 1418107498}
  m_IsPrefabParent: 0
--- !u!1 &1396199564
GameObject:
  m_ObjectHideFlags: 0
  m_PrefabParentObject: {fileID: 109846, guid: a4d020d60b18649af92bb2a05e00d513, type: 2}
  m_PrefabInternal: {fileID: 1379201911}
  serializedVersion: 4
  m_Component:
  - 4: {fileID: 1396199565}
  - 108: {fileID: 1396199566}
  m_Layer: 0
  m_Name: Point light
  m_TagString: Untagged
  m_Icon: {fileID: 0}
  m_NavMeshLayer: 0
  m_StaticEditorFlags: 0
  m_IsActive: 1
--- !u!4 &1396199565
Transform:
  m_ObjectHideFlags: 0
  m_PrefabParentObject: {fileID: 409846, guid: a4d020d60b18649af92bb2a05e00d513, type: 2}
  m_PrefabInternal: {fileID: 1379201911}
  m_GameObject: {fileID: 1396199564}
  m_LocalRotation: {x: 0, y: 0, z: 0, w: 1}
  m_LocalPosition: {x: 8.2, y: 18.2, z: 45.3}
  m_LocalScale: {x: 1, y: 1, z: 1}
  m_LocalEulerAnglesHint: {x: 0, y: 0, z: 0}
  m_Children: []
  m_Father: {fileID: 1418107499}
  m_RootOrder: 5
--- !u!108 &1396199566
Light:
  m_ObjectHideFlags: 0
  m_PrefabParentObject: {fileID: 10809846, guid: a4d020d60b18649af92bb2a05e00d513,
    type: 2}
  m_PrefabInternal: {fileID: 1379201911}
  m_GameObject: {fileID: 1396199564}
  m_Enabled: 1
  serializedVersion: 7
  m_Type: 2
  m_Color: {r: 1, g: 0.5939148, b: 0.33088237, a: 1}
  m_Intensity: 0.79774064
  m_Range: 69.46
  m_SpotAngle: 30
  m_CookieSize: 10
  m_Shadows:
    m_Type: 0
    m_Resolution: -1
    m_CustomResolution: -1
    m_Strength: 1
    m_Bias: 0.05
    m_NormalBias: 0.4
    m_NearPlane: 0.2
  m_Cookie: {fileID: 0}
  m_DrawHalo: 0
  m_Flare: {fileID: 0}
  m_RenderMode: 0
  m_CullingMask:
    serializedVersion: 2
    m_Bits: 4294967295
  m_Lightmapping: 1
  m_AreaSize: {x: 1, y: 1}
  m_BounceIntensity: 1
  m_ShadowRadius: 0
  m_ShadowAngle: 0
--- !u!1001 &1402965765
Prefab:
  m_ObjectHideFlags: 0
  serializedVersion: 2
  m_Modification:
    m_TransformParent: {fileID: 0}
    m_Modifications:
    - target: {fileID: 422300, guid: 6e58b6f7d760a4942b5d1887cdb4a815, type: 2}
      propertyPath: m_LocalPosition.x
      value: 106
      objectReference: {fileID: 0}
    - target: {fileID: 422300, guid: 6e58b6f7d760a4942b5d1887cdb4a815, type: 2}
      propertyPath: m_LocalPosition.y
      value: 10936
      objectReference: {fileID: 0}
    - target: {fileID: 422300, guid: 6e58b6f7d760a4942b5d1887cdb4a815, type: 2}
      propertyPath: m_LocalPosition.z
      value: 14410
      objectReference: {fileID: 0}
    - target: {fileID: 422300, guid: 6e58b6f7d760a4942b5d1887cdb4a815, type: 2}
      propertyPath: m_LocalRotation.x
      value: 0
      objectReference: {fileID: 0}
    - target: {fileID: 422300, guid: 6e58b6f7d760a4942b5d1887cdb4a815, type: 2}
      propertyPath: m_LocalRotation.y
      value: 0
      objectReference: {fileID: 0}
    - target: {fileID: 422300, guid: 6e58b6f7d760a4942b5d1887cdb4a815, type: 2}
      propertyPath: m_LocalRotation.z
      value: 0
      objectReference: {fileID: 0}
    - target: {fileID: 422300, guid: 6e58b6f7d760a4942b5d1887cdb4a815, type: 2}
      propertyPath: m_LocalRotation.w
      value: 1
      objectReference: {fileID: 0}
    - target: {fileID: 422300, guid: 6e58b6f7d760a4942b5d1887cdb4a815, type: 2}
      propertyPath: m_RootOrder
      value: 2
      objectReference: {fileID: 0}
    - target: {fileID: 12322300, guid: 6e58b6f7d760a4942b5d1887cdb4a815, type: 2}
      propertyPath: m_Color.r
      value: .33088237
      objectReference: {fileID: 0}
    - target: {fileID: 12322300, guid: 6e58b6f7d760a4942b5d1887cdb4a815, type: 2}
      propertyPath: m_Color.g
      value: .282133549
      objectReference: {fileID: 0}
    - target: {fileID: 12322300, guid: 6e58b6f7d760a4942b5d1887cdb4a815, type: 2}
      propertyPath: m_Color.b
      value: .248161778
      objectReference: {fileID: 0}
    m_RemovedComponents: []
  m_ParentPrefab: {fileID: 100100000, guid: 6e58b6f7d760a4942b5d1887cdb4a815, type: 2}
  m_RootGameObject: {fileID: 655273992}
  m_IsPrefabParent: 0
--- !u!1 &1418107498
GameObject:
  m_ObjectHideFlags: 0
  m_PrefabParentObject: {fileID: 159908, guid: a4d020d60b18649af92bb2a05e00d513, type: 2}
  m_PrefabInternal: {fileID: 1379201911}
  serializedVersion: 4
  m_Component:
  - 4: {fileID: 1418107499}
  m_Layer: 0
  m_Name: AllSkyDemoEnvironment_Unity4
  m_TagString: Untagged
  m_Icon: {fileID: 0}
  m_NavMeshLayer: 0
  m_StaticEditorFlags: 0
  m_IsActive: 1
--- !u!4 &1418107499
Transform:
  m_ObjectHideFlags: 0
  m_PrefabParentObject: {fileID: 459908, guid: a4d020d60b18649af92bb2a05e00d513, type: 2}
  m_PrefabInternal: {fileID: 1379201911}
  m_GameObject: {fileID: 1418107498}
  m_LocalRotation: {x: 0, y: 0, z: 0, w: 1}
  m_LocalPosition: {x: -0, y: 0, z: 0}
  m_LocalScale: {x: 1, y: 1, z: 1}
  m_LocalEulerAnglesHint: {x: 0, y: 0, z: 0}
  m_Children:
  - {fileID: 1301804369}
  - {fileID: 1547334252}
  - {fileID: 215544560}
  - {fileID: 1229343645}
  - {fileID: 2132754271}
  - {fileID: 1396199565}
  - {fileID: 505510167}
  - {fileID: 1192111142}
  - {fileID: 1161635532}
  - {fileID: 1646652977}
  - {fileID: 854418298}
  - {fileID: 1966011371}
  - {fileID: 761355205}
  - {fileID: 1908685720}
  - {fileID: 1758849597}
  - {fileID: 1866918441}
  - {fileID: 1808197613}
  - {fileID: 782582841}
  - {fileID: 209684024}
  - {fileID: 711330148}
  m_Father: {fileID: 0}
  m_RootOrder: 1
--- !u!1 &1547334251
GameObject:
  m_ObjectHideFlags: 0
  m_PrefabParentObject: {fileID: 172398, guid: a4d020d60b18649af92bb2a05e00d513, type: 2}
  m_PrefabInternal: {fileID: 1379201911}
  serializedVersion: 4
  m_Component:
  - 4: {fileID: 1547334252}
  - 33: {fileID: 1547334255}
  - 23: {fileID: 1547334254}
  - 64: {fileID: 1547334253}
  m_Layer: 0
  m_Name: AllSky_DemoEnvironment
  m_TagString: Untagged
  m_Icon: {fileID: 0}
  m_NavMeshLayer: 0
  m_StaticEditorFlags: 0
  m_IsActive: 1
--- !u!4 &1547334252
Transform:
  m_ObjectHideFlags: 0
  m_PrefabParentObject: {fileID: 472398, guid: a4d020d60b18649af92bb2a05e00d513, type: 2}
  m_PrefabInternal: {fileID: 1379201911}
  m_GameObject: {fileID: 1547334251}
  m_LocalRotation: {x: 0, y: 0.7071068, z: 0.7071068, w: 0}
  m_LocalPosition: {x: 0, y: 0, z: 0}
  m_LocalScale: {x: 1, y: 1, z: 1}
  m_LocalEulerAnglesHint: {x: 0, y: 0, z: 0}
  m_Children: []
  m_Father: {fileID: 1418107499}
  m_RootOrder: 1
--- !u!64 &1547334253
MeshCollider:
  m_ObjectHideFlags: 0
  m_PrefabParentObject: {fileID: 6401870, guid: a4d020d60b18649af92bb2a05e00d513,
    type: 2}
  m_PrefabInternal: {fileID: 1379201911}
  m_GameObject: {fileID: 1547334251}
  m_Material: {fileID: 0}
  m_IsTrigger: 0
  m_Enabled: 1
  serializedVersion: 2
  m_Convex: 0
  m_Mesh: {fileID: 4300000, guid: 3016c1d519731466ebd747543eef9970, type: 3}
--- !u!23 &1547334254
MeshRenderer:
  m_ObjectHideFlags: 0
  m_PrefabParentObject: {fileID: 2372398, guid: a4d020d60b18649af92bb2a05e00d513,
    type: 2}
  m_PrefabInternal: {fileID: 1379201911}
  m_GameObject: {fileID: 1547334251}
  m_Enabled: 1
  m_CastShadows: 1
  m_ReceiveShadows: 1
  m_MotionVectors: 1
  m_LightProbeUsage: 0
  m_ReflectionProbeUsage: 1
  m_Materials:
  - {fileID: 2100000, guid: 3386ea1f916284d438a5d95882e39fd6, type: 2}
  - {fileID: 2100000, guid: 2e6761ef29bab414093fbcc3d8b98559, type: 2}
  - {fileID: 2100000, guid: 179503e6ea7a5414da971761ed8ad6a1, type: 2}
  m_SubsetIndices: 
  m_StaticBatchRoot: {fileID: 0}
  m_ProbeAnchor: {fileID: 0}
  m_LightProbeVolumeOverride: {fileID: 0}
  m_ScaleInLightmap: 1
  m_PreserveUVs: 0
  m_IgnoreNormalsForChartDetection: 0
  m_ImportantGI: 0
  m_SelectedWireframeHidden: 0
  m_MinimumChartSize: 4
  m_AutoUVMaxDistance: 0.5
  m_AutoUVMaxAngle: 89
  m_LightmapParameters: {fileID: 0}
  m_SortingLayerID: 0
  m_SortingOrder: 0
--- !u!33 &1547334255
MeshFilter:
  m_ObjectHideFlags: 0
  m_PrefabParentObject: {fileID: 3372398, guid: a4d020d60b18649af92bb2a05e00d513,
    type: 2}
  m_PrefabInternal: {fileID: 1379201911}
  m_GameObject: {fileID: 1547334251}
  m_Mesh: {fileID: 4300000, guid: 3016c1d519731466ebd747543eef9970, type: 3}
--- !u!1 &1587229157
GameObject:
  m_ObjectHideFlags: 0
  m_PrefabParentObject: {fileID: 143670, guid: a4d020d60b18649af92bb2a05e00d513, type: 2}
  m_PrefabInternal: {fileID: 1379201911}
  serializedVersion: 4
  m_Component:
  - 4: {fileID: 1587229158}
  - 108: {fileID: 1587229159}
  m_Layer: 0
  m_Name: Point light
  m_TagString: Untagged
  m_Icon: {fileID: 0}
  m_NavMeshLayer: 0
  m_StaticEditorFlags: 0
  m_IsActive: 1
--- !u!4 &1587229158
Transform:
  m_ObjectHideFlags: 0
  m_PrefabParentObject: {fileID: 443670, guid: a4d020d60b18649af92bb2a05e00d513, type: 2}
  m_PrefabInternal: {fileID: 1379201911}
  m_GameObject: {fileID: 1587229157}
  m_LocalRotation: {x: 0, y: 0, z: 0, w: 1}
  m_LocalPosition: {x: -0.11163661, y: 1.1386985, z: 0.038274024}
  m_LocalScale: {x: 0.15948157, y: 0.15948159, z: 0.15948159}
  m_LocalEulerAnglesHint: {x: 0, y: 0, z: 0}
  m_Children: []
  m_Father: {fileID: 1808197613}
  m_RootOrder: 1
--- !u!108 &1587229159
Light:
  m_ObjectHideFlags: 0
  m_PrefabParentObject: {fileID: 10843674, guid: a4d020d60b18649af92bb2a05e00d513,
    type: 2}
  m_PrefabInternal: {fileID: 1379201911}
  m_GameObject: {fileID: 1587229157}
  m_Enabled: 1
  serializedVersion: 7
  m_Type: 2
  m_Color: {r: 0.9632353, g: 0.17936105, b: 0, a: 1}
  m_Intensity: 0.84
  m_Range: 288.7775
  m_SpotAngle: 30
  m_CookieSize: 10
  m_Shadows:
    m_Type: 0
    m_Resolution: -1
    m_CustomResolution: -1
    m_Strength: 1
    m_Bias: 0.05
    m_NormalBias: 0.4
    m_NearPlane: 0.2
  m_Cookie: {fileID: 0}
  m_DrawHalo: 0
  m_Flare: {fileID: 0}
  m_RenderMode: 0
  m_CullingMask:
    serializedVersion: 2
    m_Bits: 4294967295
  m_Lightmapping: 1
  m_AreaSize: {x: 1, y: 1}
  m_BounceIntensity: 1
  m_ShadowRadius: 0
  m_ShadowAngle: 0
--- !u!1 &1646652976
GameObject:
  m_ObjectHideFlags: 0
  m_PrefabParentObject: {fileID: 101872, guid: a4d020d60b18649af92bb2a05e00d513, type: 2}
  m_PrefabInternal: {fileID: 1379201911}
  serializedVersion: 4
  m_Component:
  - 4: {fileID: 1646652977}
  - 33: {fileID: 1646652980}
  - 23: {fileID: 1646652979}
  - 95: {fileID: 1646652978}
  m_Layer: 0
  m_Name: AllSky_DemoEnvironment_Light
  m_TagString: Untagged
  m_Icon: {fileID: 0}
  m_NavMeshLayer: 0
  m_StaticEditorFlags: 0
  m_IsActive: 1
--- !u!4 &1646652977
Transform:
  m_ObjectHideFlags: 0
  m_PrefabParentObject: {fileID: 401872, guid: a4d020d60b18649af92bb2a05e00d513, type: 2}
  m_PrefabInternal: {fileID: 1379201911}
  m_GameObject: {fileID: 1646652976}
  m_LocalRotation: {x: -0.70356476, y: 0.07068687, z: 0.070686854, w: 0.70356476}
  m_LocalPosition: {x: 5.1, y: 18.93, z: 66.29}
  m_LocalScale: {x: 1, y: 1, z: 1}
  m_LocalEulerAnglesHint: {x: 0, y: 0, z: 0}
  m_Children: []
  m_Father: {fileID: 1418107499}
  m_RootOrder: 9
--- !u!95 &1646652978
Animator:
  serializedVersion: 3
  m_ObjectHideFlags: 0
  m_PrefabParentObject: {fileID: 9501872, guid: a4d020d60b18649af92bb2a05e00d513,
    type: 2}
  m_PrefabInternal: {fileID: 1379201911}
  m_GameObject: {fileID: 1646652976}
  m_Enabled: 1
  m_Avatar: {fileID: 9000000, guid: a86608a16093647c082aa3ccf69d2558, type: 3}
  m_Controller: {fileID: 0}
  m_CullingMode: 0
  m_UpdateMode: 0
  m_ApplyRootMotion: 1
  m_LinearVelocityBlending: 0
  m_WarningMessage: 
  m_HasTransformHierarchy: 1
  m_AllowConstantClipSamplingOptimization: 1
--- !u!23 &1646652979
MeshRenderer:
  m_ObjectHideFlags: 0
  m_PrefabParentObject: {fileID: 2301872, guid: a4d020d60b18649af92bb2a05e00d513,
    type: 2}
  m_PrefabInternal: {fileID: 1379201911}
  m_GameObject: {fileID: 1646652976}
  m_Enabled: 1
  m_CastShadows: 1
  m_ReceiveShadows: 1
  m_MotionVectors: 1
  m_LightProbeUsage: 0
  m_ReflectionProbeUsage: 1
  m_Materials:
  - {fileID: 2100000, guid: 05aa87d4636d34850a6f48daedd1b55c, type: 2}
  - {fileID: 2100000, guid: a7f9f8058b27648f4ba9ed54ced4ac00, type: 2}
  m_SubsetIndices: 
  m_StaticBatchRoot: {fileID: 0}
  m_ProbeAnchor: {fileID: 0}
  m_LightProbeVolumeOverride: {fileID: 0}
  m_ScaleInLightmap: 1
  m_PreserveUVs: 0
  m_IgnoreNormalsForChartDetection: 0
  m_ImportantGI: 0
  m_SelectedWireframeHidden: 0
  m_MinimumChartSize: 4
  m_AutoUVMaxDistance: 0.5
  m_AutoUVMaxAngle: 89
  m_LightmapParameters: {fileID: 0}
  m_SortingLayerID: 0
  m_SortingOrder: 0
--- !u!33 &1646652980
MeshFilter:
  m_ObjectHideFlags: 0
  m_PrefabParentObject: {fileID: 3301872, guid: a4d020d60b18649af92bb2a05e00d513,
    type: 2}
  m_PrefabInternal: {fileID: 1379201911}
  m_GameObject: {fileID: 1646652976}
  m_Mesh: {fileID: 4300000, guid: a86608a16093647c082aa3ccf69d2558, type: 3}
--- !u!1 &1720423947
GameObject:
  m_ObjectHideFlags: 0
  m_PrefabParentObject: {fileID: 124196, guid: a4d020d60b18649af92bb2a05e00d513, type: 2}
  m_PrefabInternal: {fileID: 1379201911}
  serializedVersion: 4
  m_Component:
  - 4: {fileID: 1720423948}
  - 108: {fileID: 1720423949}
  m_Layer: 0
  m_Name: Point light
  m_TagString: Untagged
  m_Icon: {fileID: 0}
  m_NavMeshLayer: 0
  m_StaticEditorFlags: 0
  m_IsActive: 1
--- !u!4 &1720423948
Transform:
  m_ObjectHideFlags: 0
  m_PrefabParentObject: {fileID: 424196, guid: a4d020d60b18649af92bb2a05e00d513, type: 2}
  m_PrefabInternal: {fileID: 1379201911}
  m_GameObject: {fileID: 1720423947}
  m_LocalRotation: {x: 0, y: 0, z: 0, w: 1}
  m_LocalPosition: {x: -0.11163661, y: 1.1386985, z: 0.038274024}
  m_LocalScale: {x: 0.15948157, y: 0.15948159, z: 0.15948159}
  m_LocalEulerAnglesHint: {x: 0, y: 0, z: 0}
  m_Children: []
  m_Father: {fileID: 209684024}
  m_RootOrder: 1
--- !u!108 &1720423949
Light:
  m_ObjectHideFlags: 0
  m_PrefabParentObject: {fileID: 10824192, guid: a4d020d60b18649af92bb2a05e00d513,
    type: 2}
  m_PrefabInternal: {fileID: 1379201911}
  m_GameObject: {fileID: 1720423947}
  m_Enabled: 1
  serializedVersion: 7
  m_Type: 2
  m_Color: {r: 0.9632353, g: 0.17936105, b: 0, a: 1}
  m_Intensity: 0.84
  m_Range: 288.7775
  m_SpotAngle: 30
  m_CookieSize: 10
  m_Shadows:
    m_Type: 0
    m_Resolution: -1
    m_CustomResolution: -1
    m_Strength: 1
    m_Bias: 0.05
    m_NormalBias: 0.4
    m_NearPlane: 0.2
  m_Cookie: {fileID: 0}
  m_DrawHalo: 0
  m_Flare: {fileID: 0}
  m_RenderMode: 0
  m_CullingMask:
    serializedVersion: 2
    m_Bits: 4294967295
  m_Lightmapping: 1
  m_AreaSize: {x: 1, y: 1}
  m_BounceIntensity: 1
  m_ShadowRadius: 0
  m_ShadowAngle: 0
--- !u!1 &1758849596
GameObject:
  m_ObjectHideFlags: 0
  m_PrefabParentObject: {fileID: 101870, guid: a4d020d60b18649af92bb2a05e00d513, type: 2}
  m_PrefabInternal: {fileID: 1379201911}
  serializedVersion: 4
  m_Component:
  - 4: {fileID: 1758849597}
  - 33: {fileID: 1758849600}
  - 23: {fileID: 1758849599}
  - 95: {fileID: 1758849598}
  m_Layer: 0
  m_Name: AllSky_DemoEnvironment_Light
  m_TagString: Untagged
  m_Icon: {fileID: 0}
  m_NavMeshLayer: 0
  m_StaticEditorFlags: 0
  m_IsActive: 1
--- !u!4 &1758849597
Transform:
  m_ObjectHideFlags: 0
  m_PrefabParentObject: {fileID: 401870, guid: a4d020d60b18649af92bb2a05e00d513, type: 2}
  m_PrefabInternal: {fileID: 1379201911}
  m_GameObject: {fileID: 1758849596}
  m_LocalRotation: {x: 0.0660789, y: 0.7040125, z: 0.7040125, w: -0.066078864}
  m_LocalPosition: {x: -67.93, y: 17, z: 13.85}
  m_LocalScale: {x: 1, y: 1, z: 1}
  m_LocalEulerAnglesHint: {x: 0, y: 0, z: 0}
  m_Children: []
  m_Father: {fileID: 1418107499}
  m_RootOrder: 14
--- !u!95 &1758849598
Animator:
  serializedVersion: 3
  m_ObjectHideFlags: 0
  m_PrefabParentObject: {fileID: 9501870, guid: a4d020d60b18649af92bb2a05e00d513,
    type: 2}
  m_PrefabInternal: {fileID: 1379201911}
  m_GameObject: {fileID: 1758849596}
  m_Enabled: 1
  m_Avatar: {fileID: 9000000, guid: a86608a16093647c082aa3ccf69d2558, type: 3}
  m_Controller: {fileID: 0}
  m_CullingMode: 0
  m_UpdateMode: 0
  m_ApplyRootMotion: 1
  m_LinearVelocityBlending: 0
  m_WarningMessage: 
  m_HasTransformHierarchy: 1
  m_AllowConstantClipSamplingOptimization: 1
--- !u!23 &1758849599
MeshRenderer:
  m_ObjectHideFlags: 0
  m_PrefabParentObject: {fileID: 2301870, guid: a4d020d60b18649af92bb2a05e00d513,
    type: 2}
  m_PrefabInternal: {fileID: 1379201911}
  m_GameObject: {fileID: 1758849596}
  m_Enabled: 1
  m_CastShadows: 1
  m_ReceiveShadows: 1
  m_MotionVectors: 1
  m_LightProbeUsage: 0
  m_ReflectionProbeUsage: 1
  m_Materials:
  - {fileID: 2100000, guid: 05aa87d4636d34850a6f48daedd1b55c, type: 2}
  - {fileID: 2100000, guid: a7f9f8058b27648f4ba9ed54ced4ac00, type: 2}
  m_SubsetIndices: 
  m_StaticBatchRoot: {fileID: 0}
  m_ProbeAnchor: {fileID: 0}
  m_LightProbeVolumeOverride: {fileID: 0}
  m_ScaleInLightmap: 1
  m_PreserveUVs: 0
  m_IgnoreNormalsForChartDetection: 0
  m_ImportantGI: 0
  m_SelectedWireframeHidden: 0
  m_MinimumChartSize: 4
  m_AutoUVMaxDistance: 0.5
  m_AutoUVMaxAngle: 89
  m_LightmapParameters: {fileID: 0}
  m_SortingLayerID: 0
  m_SortingOrder: 0
--- !u!33 &1758849600
MeshFilter:
  m_ObjectHideFlags: 0
  m_PrefabParentObject: {fileID: 3301870, guid: a4d020d60b18649af92bb2a05e00d513,
    type: 2}
  m_PrefabInternal: {fileID: 1379201911}
  m_GameObject: {fileID: 1758849596}
  m_Mesh: {fileID: 4300000, guid: a86608a16093647c082aa3ccf69d2558, type: 3}
--- !u!1 &1772746274
GameObject:
  m_ObjectHideFlags: 0
  m_PrefabParentObject: {fileID: 118416, guid: a4d020d60b18649af92bb2a05e00d513, type: 2}
  m_PrefabInternal: {fileID: 1379201911}
  serializedVersion: 4
  m_Component:
  - 224: {fileID: 1772746275}
  - 222: {fileID: 1772746277}
  - 114: {fileID: 1772746276}
  m_Layer: 5
  m_Name: Text_DemoEnv
  m_TagString: Untagged
  m_Icon: {fileID: 0}
  m_NavMeshLayer: 0
  m_StaticEditorFlags: 0
  m_IsActive: 1
--- !u!224 &1772746275
RectTransform:
  m_ObjectHideFlags: 0
  m_PrefabParentObject: {fileID: 22418416, guid: a4d020d60b18649af92bb2a05e00d513,
    type: 2}
  m_PrefabInternal: {fileID: 1379201911}
  m_GameObject: {fileID: 1772746274}
  m_LocalRotation: {x: 0, y: 0.00000041787274, z: 0, w: 1}
  m_LocalPosition: {x: 0, y: 0, z: 0.00020241861}
  m_LocalScale: {x: 1, y: 1, z: 1}
  m_LocalEulerAnglesHint: {x: 0, y: 0, z: 0}
  m_Children: []
  m_Father: {fileID: 711330148}
  m_RootOrder: 2
  m_AnchorMin: {x: 0, y: 0}
  m_AnchorMax: {x: 0, y: 0}
  m_AnchoredPosition: {x: 414.8, y: -17.300049}
  m_SizeDelta: {x: 800, y: 83}
  m_Pivot: {x: 0.5, y: 0.5}
--- !u!114 &1772746276
MonoBehaviour:
  m_ObjectHideFlags: 0
  m_PrefabParentObject: {fileID: 11418416, guid: a4d020d60b18649af92bb2a05e00d513,
    type: 2}
  m_PrefabInternal: {fileID: 1379201911}
  m_GameObject: {fileID: 1772746274}
  m_Enabled: 1
  m_EditorHideFlags: 0
  m_Script: {fileID: 708705254, guid: f5f67c52d1564df4a8936ccd202a3bd8, type: 3}
  m_Name: 
  m_EditorClassIdentifier: 
  m_Material: {fileID: 0}
  m_Color: {r: 1, g: 1, b: 1, a: 0.63529414}
  m_RaycastTarget: 1
  m_OnCullStateChanged:
    m_PersistentCalls:
      m_Calls: []
    m_TypeName: UnityEngine.UI.MaskableGraphic+CullStateChangedEvent, UnityEngine.UI,
      Version=1.0.0.0, Culture=neutral, PublicKeyToken=null
  m_FontData:
    m_Font: {fileID: 10102, guid: 0000000000000000e000000000000000, type: 0}
    m_FontSize: 14
    m_FontStyle: 0
    m_BestFit: 0
    m_MinSize: 10
    m_MaxSize: 40
    m_Alignment: 0
    m_AlignByGeometry: 0
    m_RichText: 1
    m_HorizontalOverflow: 0
    m_VerticalOverflow: 0
    m_LineSpacing: 1
  m_Text: Demo Environments (Deferred Render, Linear Lighting)
--- !u!222 &1772746277
CanvasRenderer:
  m_ObjectHideFlags: 0
  m_PrefabParentObject: {fileID: 22218416, guid: a4d020d60b18649af92bb2a05e00d513,
    type: 2}
  m_PrefabInternal: {fileID: 1379201911}
  m_GameObject: {fileID: 1772746274}
--- !u!1 &1808197612
GameObject:
  m_ObjectHideFlags: 0
  m_PrefabParentObject: {fileID: 143672, guid: a4d020d60b18649af92bb2a05e00d513, type: 2}
  m_PrefabInternal: {fileID: 1379201911}
  serializedVersion: 4
  m_Component:
  - 4: {fileID: 1808197613}
  - 33: {fileID: 1808197616}
  - 135: {fileID: 1808197615}
  - 23: {fileID: 1808197614}
  m_Layer: 0
  m_Name: MountainGlowObject
  m_TagString: Untagged
  m_Icon: {fileID: 0}
  m_NavMeshLayer: 0
  m_StaticEditorFlags: 0
  m_IsActive: 1
--- !u!4 &1808197613
Transform:
  m_ObjectHideFlags: 0
  m_PrefabParentObject: {fileID: 443672, guid: a4d020d60b18649af92bb2a05e00d513, type: 2}
  m_PrefabInternal: {fileID: 1379201911}
  m_GameObject: {fileID: 1808197612}
  m_LocalRotation: {x: 0, y: 0, z: 0, w: 1}
  m_LocalPosition: {x: 192.4, y: 211.66, z: -514.54}
  m_LocalScale: {x: 6.270317, y: 6.2703166, z: 6.2703166}
  m_LocalEulerAnglesHint: {x: 0, y: 0, z: 0}
  m_Children:
  - {fileID: 1114336374}
  - {fileID: 1587229158}
  m_Father: {fileID: 1418107499}
  m_RootOrder: 16
--- !u!23 &1808197614
MeshRenderer:
  m_ObjectHideFlags: 0
  m_PrefabParentObject: {fileID: 2343674, guid: a4d020d60b18649af92bb2a05e00d513,
    type: 2}
  m_PrefabInternal: {fileID: 1379201911}
  m_GameObject: {fileID: 1808197612}
  m_Enabled: 1
  m_CastShadows: 1
  m_ReceiveShadows: 1
  m_MotionVectors: 1
  m_LightProbeUsage: 0
  m_ReflectionProbeUsage: 1
  m_Materials:
  - {fileID: 2100000, guid: 413befd66bdd84d569871d0524b4685a, type: 2}
  m_SubsetIndices: 
  m_StaticBatchRoot: {fileID: 0}
  m_ProbeAnchor: {fileID: 0}
  m_LightProbeVolumeOverride: {fileID: 0}
  m_ScaleInLightmap: 1
  m_PreserveUVs: 0
  m_IgnoreNormalsForChartDetection: 0
  m_ImportantGI: 0
  m_SelectedWireframeHidden: 0
  m_MinimumChartSize: 4
  m_AutoUVMaxDistance: 0.5
  m_AutoUVMaxAngle: 89
  m_LightmapParameters: {fileID: 0}
  m_SortingLayerID: 0
  m_SortingOrder: 0
--- !u!135 &1808197615
SphereCollider:
  m_ObjectHideFlags: 0
  m_PrefabParentObject: {fileID: 13543674, guid: a4d020d60b18649af92bb2a05e00d513,
    type: 2}
  m_PrefabInternal: {fileID: 1379201911}
  m_GameObject: {fileID: 1808197612}
  m_Material: {fileID: 0}
  m_IsTrigger: 0
  m_Enabled: 1
  serializedVersion: 2
  m_Radius: 0.5
  m_Center: {x: 0, y: 0, z: 0}
--- !u!33 &1808197616
MeshFilter:
  m_ObjectHideFlags: 0
  m_PrefabParentObject: {fileID: 3343674, guid: a4d020d60b18649af92bb2a05e00d513,
    type: 2}
  m_PrefabInternal: {fileID: 1379201911}
  m_GameObject: {fileID: 1808197612}
  m_Mesh: {fileID: 10207, guid: 0000000000000000e000000000000000, type: 0}
--- !u!1 &1866918440
GameObject:
  m_ObjectHideFlags: 0
  m_PrefabParentObject: {fileID: 109848, guid: a4d020d60b18649af92bb2a05e00d513, type: 2}
  m_PrefabInternal: {fileID: 1379201911}
  serializedVersion: 4
  m_Component:
  - 4: {fileID: 1866918441}
  - 108: {fileID: 1866918442}
  m_Layer: 0
  m_Name: Point light
  m_TagString: Untagged
  m_Icon: {fileID: 0}
  m_NavMeshLayer: 0
  m_StaticEditorFlags: 0
  m_IsActive: 1
--- !u!4 &1866918441
Transform:
  m_ObjectHideFlags: 0
  m_PrefabParentObject: {fileID: 409848, guid: a4d020d60b18649af92bb2a05e00d513, type: 2}
  m_PrefabInternal: {fileID: 1379201911}
  m_GameObject: {fileID: 1866918440}
  m_LocalRotation: {x: 0, y: 0, z: 0, w: 1}
  m_LocalPosition: {x: -69.92, y: 17.68, z: 14.58}
  m_LocalScale: {x: 1, y: 1, z: 1}
  m_LocalEulerAnglesHint: {x: 0, y: 0, z: 0}
  m_Children: []
  m_Father: {fileID: 1418107499}
  m_RootOrder: 15
--- !u!108 &1866918442
Light:
  m_ObjectHideFlags: 0
  m_PrefabParentObject: {fileID: 10809848, guid: a4d020d60b18649af92bb2a05e00d513,
    type: 2}
  m_PrefabInternal: {fileID: 1379201911}
  m_GameObject: {fileID: 1866918440}
  m_Enabled: 1
  serializedVersion: 7
  m_Type: 2
  m_Color: {r: 1, g: 0.5939148, b: 0.33088237, a: 1}
  m_Intensity: 0.79774064
  m_Range: 69.46
  m_SpotAngle: 30
  m_CookieSize: 10
  m_Shadows:
    m_Type: 0
    m_Resolution: -1
    m_CustomResolution: -1
    m_Strength: 1
    m_Bias: 0.05
    m_NormalBias: 0.4
    m_NearPlane: 0.2
  m_Cookie: {fileID: 0}
  m_DrawHalo: 0
  m_Flare: {fileID: 0}
  m_RenderMode: 0
  m_CullingMask:
    serializedVersion: 2
    m_Bits: 4294967295
  m_Lightmapping: 1
  m_AreaSize: {x: 1, y: 1}
  m_BounceIntensity: 1
  m_ShadowRadius: 0
  m_ShadowAngle: 0
--- !u!1 &1908685719
GameObject:
  m_ObjectHideFlags: 0
  m_PrefabParentObject: {fileID: 111522, guid: a4d020d60b18649af92bb2a05e00d513, type: 2}
  m_PrefabInternal: {fileID: 1379201911}
  serializedVersion: 4
  m_Component:
  - 4: {fileID: 1908685720}
  - 33: {fileID: 1908685723}
  - 23: {fileID: 1908685722}
  - 95: {fileID: 1908685721}
  m_Layer: 0
  m_Name: AllSky_DemoEnvironment_Light
  m_TagString: Untagged
  m_Icon: {fileID: 0}
  m_NavMeshLayer: 0
  m_StaticEditorFlags: 0
  m_IsActive: 1
--- !u!4 &1908685720
Transform:
  m_ObjectHideFlags: 0
  m_PrefabParentObject: {fileID: 411522, guid: a4d020d60b18649af92bb2a05e00d513, type: 2}
  m_PrefabInternal: {fileID: 1379201911}
  m_GameObject: {fileID: 1908685719}
  m_LocalRotation: {x: -0.70356476, y: 0.07068698, z: 0.07068698, w: 0.70356476}
  m_LocalPosition: {x: 70.64, y: 17.02, z: -11.6}
  m_LocalScale: {x: 1, y: 1, z: 1}
  m_LocalEulerAnglesHint: {x: 0, y: 0, z: 0}
  m_Children: []
  m_Father: {fileID: 1418107499}
  m_RootOrder: 13
--- !u!95 &1908685721
Animator:
  serializedVersion: 3
  m_ObjectHideFlags: 0
  m_PrefabParentObject: {fileID: 9511524, guid: a4d020d60b18649af92bb2a05e00d513,
    type: 2}
  m_PrefabInternal: {fileID: 1379201911}
  m_GameObject: {fileID: 1908685719}
  m_Enabled: 1
  m_Avatar: {fileID: 9000000, guid: a86608a16093647c082aa3ccf69d2558, type: 3}
  m_Controller: {fileID: 0}
  m_CullingMode: 0
  m_UpdateMode: 0
  m_ApplyRootMotion: 1
  m_LinearVelocityBlending: 0
  m_WarningMessage: 
  m_HasTransformHierarchy: 1
  m_AllowConstantClipSamplingOptimization: 1
--- !u!23 &1908685722
MeshRenderer:
  m_ObjectHideFlags: 0
  m_PrefabParentObject: {fileID: 2311524, guid: a4d020d60b18649af92bb2a05e00d513,
    type: 2}
  m_PrefabInternal: {fileID: 1379201911}
  m_GameObject: {fileID: 1908685719}
  m_Enabled: 1
  m_CastShadows: 1
  m_ReceiveShadows: 1
  m_MotionVectors: 1
  m_LightProbeUsage: 0
  m_ReflectionProbeUsage: 1
  m_Materials:
  - {fileID: 2100000, guid: 05aa87d4636d34850a6f48daedd1b55c, type: 2}
  - {fileID: 2100000, guid: a7f9f8058b27648f4ba9ed54ced4ac00, type: 2}
  m_SubsetIndices: 
  m_StaticBatchRoot: {fileID: 0}
  m_ProbeAnchor: {fileID: 0}
  m_LightProbeVolumeOverride: {fileID: 0}
  m_ScaleInLightmap: 1
  m_PreserveUVs: 0
  m_IgnoreNormalsForChartDetection: 0
  m_ImportantGI: 0
  m_SelectedWireframeHidden: 0
  m_MinimumChartSize: 4
  m_AutoUVMaxDistance: 0.5
  m_AutoUVMaxAngle: 89
  m_LightmapParameters: {fileID: 0}
  m_SortingLayerID: 0
  m_SortingOrder: 0
--- !u!33 &1908685723
MeshFilter:
  m_ObjectHideFlags: 0
  m_PrefabParentObject: {fileID: 3311524, guid: a4d020d60b18649af92bb2a05e00d513,
    type: 2}
  m_PrefabInternal: {fileID: 1379201911}
  m_GameObject: {fileID: 1908685719}
  m_Mesh: {fileID: 4300000, guid: a86608a16093647c082aa3ccf69d2558, type: 3}
--- !u!1 &1966011370
GameObject:
  m_ObjectHideFlags: 0
  m_PrefabParentObject: {fileID: 101868, guid: a4d020d60b18649af92bb2a05e00d513, type: 2}
  m_PrefabInternal: {fileID: 1379201911}
  serializedVersion: 4
  m_Component:
  - 4: {fileID: 1966011371}
  - 33: {fileID: 1966011374}
  - 23: {fileID: 1966011373}
  - 95: {fileID: 1966011372}
  m_Layer: 0
  m_Name: AllSky_DemoEnvironment_Light
  m_TagString: Untagged
  m_Icon: {fileID: 0}
  m_NavMeshLayer: 0
  m_StaticEditorFlags: 0
  m_IsActive: 1
--- !u!4 &1966011371
Transform:
  m_ObjectHideFlags: 0
  m_PrefabParentObject: {fileID: 401868, guid: a4d020d60b18649af92bb2a05e00d513, type: 2}
  m_PrefabInternal: {fileID: 1379201911}
  m_GameObject: {fileID: 1966011370}
  m_LocalRotation: {x: 0, y: 0.7071068, z: 0.7071068, w: 0}
  m_LocalPosition: {x: -1.26, y: 17.94, z: -65.51}
  m_LocalScale: {x: 1, y: 1, z: 1}
  m_LocalEulerAnglesHint: {x: 0, y: 0, z: 0}
  m_Children: []
  m_Father: {fileID: 1418107499}
  m_RootOrder: 11
--- !u!95 &1966011372
Animator:
  serializedVersion: 3
  m_ObjectHideFlags: 0
  m_PrefabParentObject: {fileID: 9501868, guid: a4d020d60b18649af92bb2a05e00d513,
    type: 2}
  m_PrefabInternal: {fileID: 1379201911}
  m_GameObject: {fileID: 1966011370}
  m_Enabled: 1
  m_Avatar: {fileID: 9000000, guid: a86608a16093647c082aa3ccf69d2558, type: 3}
  m_Controller: {fileID: 0}
  m_CullingMode: 0
  m_UpdateMode: 0
  m_ApplyRootMotion: 1
  m_LinearVelocityBlending: 0
  m_WarningMessage: 
  m_HasTransformHierarchy: 1
  m_AllowConstantClipSamplingOptimization: 1
--- !u!23 &1966011373
MeshRenderer:
  m_ObjectHideFlags: 0
  m_PrefabParentObject: {fileID: 2301868, guid: a4d020d60b18649af92bb2a05e00d513,
    type: 2}
  m_PrefabInternal: {fileID: 1379201911}
  m_GameObject: {fileID: 1966011370}
  m_Enabled: 1
  m_CastShadows: 1
  m_ReceiveShadows: 1
  m_MotionVectors: 1
  m_LightProbeUsage: 0
  m_ReflectionProbeUsage: 1
  m_Materials:
  - {fileID: 2100000, guid: 05aa87d4636d34850a6f48daedd1b55c, type: 2}
  - {fileID: 2100000, guid: a7f9f8058b27648f4ba9ed54ced4ac00, type: 2}
  m_SubsetIndices: 
  m_StaticBatchRoot: {fileID: 0}
  m_ProbeAnchor: {fileID: 0}
  m_LightProbeVolumeOverride: {fileID: 0}
  m_ScaleInLightmap: 1
  m_PreserveUVs: 0
  m_IgnoreNormalsForChartDetection: 0
  m_ImportantGI: 0
  m_SelectedWireframeHidden: 0
  m_MinimumChartSize: 4
  m_AutoUVMaxDistance: 0.5
  m_AutoUVMaxAngle: 89
  m_LightmapParameters: {fileID: 0}
  m_SortingLayerID: 0
  m_SortingOrder: 0
--- !u!33 &1966011374
MeshFilter:
  m_ObjectHideFlags: 0
  m_PrefabParentObject: {fileID: 3301868, guid: a4d020d60b18649af92bb2a05e00d513,
    type: 2}
  m_PrefabInternal: {fileID: 1379201911}
  m_GameObject: {fileID: 1966011370}
  m_Mesh: {fileID: 4300000, guid: a86608a16093647c082aa3ccf69d2558, type: 3}
--- !u!1 &2105188307
GameObject:
  m_ObjectHideFlags: 0
  m_PrefabParentObject: {fileID: 165722, guid: a4d020d60b18649af92bb2a05e00d513, type: 2}
  m_PrefabInternal: {fileID: 1379201911}
  serializedVersion: 4
  m_Component:
  - 4: {fileID: 2105188308}
  - 123: {fileID: 2105188309}
  m_Layer: 0
  m_Name: MountainGlow
  m_TagString: Untagged
  m_Icon: {fileID: 0}
  m_NavMeshLayer: 0
  m_StaticEditorFlags: 0
  m_IsActive: 1
--- !u!4 &2105188308
Transform:
  m_ObjectHideFlags: 0
  m_PrefabParentObject: {fileID: 465722, guid: a4d020d60b18649af92bb2a05e00d513, type: 2}
  m_PrefabInternal: {fileID: 1379201911}
  m_GameObject: {fileID: 2105188307}
  m_LocalRotation: {x: 0, y: 0, z: 0, w: 1}
  m_LocalPosition: {x: 0, y: 0.61, z: 0}
  m_LocalScale: {x: 0.06934206, y: 0.06934206, z: 0.06934206}
  m_LocalEulerAnglesHint: {x: 0, y: 0, z: 0}
  m_Children: []
  m_Father: {fileID: 782582841}
  m_RootOrder: 0
--- !u!123 &2105188309
LensFlare:
  m_ObjectHideFlags: 0
  m_PrefabParentObject: {fileID: 12365722, guid: a4d020d60b18649af92bb2a05e00d513,
    type: 2}
  m_PrefabInternal: {fileID: 1379201911}
  m_GameObject: {fileID: 2105188307}
  m_Enabled: 1
  m_Flare: {fileID: 12100000, guid: 4bd4faf9a6beb484485deba5aeb62c81, type: 2}
  m_Color: {r: 0.8235294, g: 0.15334684, b: 0, a: 1}
  m_Brightness: 0.2
  m_FadeSpeed: 0.1
  m_IgnoreLayers:
    serializedVersion: 2
    m_Bits: 6
  m_Directional: 0
--- !u!1 &2132754270
GameObject:
  m_ObjectHideFlags: 0
  m_PrefabParentObject: {fileID: 154384, guid: a4d020d60b18649af92bb2a05e00d513, type: 2}
  m_PrefabInternal: {fileID: 1379201911}
  serializedVersion: 4
  m_Component:
  - 4: {fileID: 2132754271}
  - 108: {fileID: 2132754272}
  m_Layer: 0
  m_Name: Point light
  m_TagString: Untagged
  m_Icon: {fileID: 0}
  m_NavMeshLayer: 0
  m_StaticEditorFlags: 0
  m_IsActive: 1
--- !u!4 &2132754271
Transform:
  m_ObjectHideFlags: 0
  m_PrefabParentObject: {fileID: 454384, guid: a4d020d60b18649af92bb2a05e00d513, type: 2}
  m_PrefabInternal: {fileID: 1379201911}
  m_GameObject: {fileID: 2132754270}
  m_LocalRotation: {x: 0, y: 0, z: 0, w: 1}
  m_LocalPosition: {x: -3.3, y: 18.2, z: -44.7}
  m_LocalScale: {x: 1, y: 1, z: 1}
  m_LocalEulerAnglesHint: {x: 0, y: 0, z: 0}
  m_Children: []
  m_Father: {fileID: 1418107499}
  m_RootOrder: 4
--- !u!108 &2132754272
Light:
  m_ObjectHideFlags: 0
  m_PrefabParentObject: {fileID: 10854384, guid: a4d020d60b18649af92bb2a05e00d513,
    type: 2}
  m_PrefabInternal: {fileID: 1379201911}
  m_GameObject: {fileID: 2132754270}
  m_Enabled: 1
  serializedVersion: 7
  m_Type: 2
  m_Color: {r: 1, g: 0.5939148, b: 0.33088237, a: 1}
  m_Intensity: 0.79774064
  m_Range: 69.46
  m_SpotAngle: 30
  m_CookieSize: 10
  m_Shadows:
    m_Type: 0
    m_Resolution: -1
    m_CustomResolution: -1
    m_Strength: 1
    m_Bias: 0.05
    m_NormalBias: 0.4
    m_NearPlane: 0.2
  m_Cookie: {fileID: 0}
  m_DrawHalo: 0
  m_Flare: {fileID: 0}
  m_RenderMode: 0
  m_CullingMask:
    serializedVersion: 2
    m_Bits: 4294967295
  m_Lightmapping: 1
  m_AreaSize: {x: 1, y: 1}
  m_BounceIntensity: 1
  m_ShadowRadius: 0
  m_ShadowAngle: 0
